1718 3157
319 104 379 139 τι
687 88 1317 137 ΟιΑτ-ῐοιέεφ

312 152 464 206 fimul·
475 152 534 206 de
545 156 756 204 exercitu
769 153 989 203 Catilinae
1001 187 1014 208 ,
1032 155 1083 203 δε
1098 152 1159 202 de
1170 146 1400 201 omnibus
1410 152 1660 215 conium-0
1709 154 1710 187 ἰ

311 226 373 274 tis
387 224 655 273 decernere.
693 226 892 289 Qanto
907 236 991 271 vos
1010 220 1237 269 attentius
1250 233 1305 268 ea
1320 220 1484 285 agetis,
1500 234 1661 273 tanto

309 292 411 342 illis
435 292 630 340 animus
642 288 881 338 infirmio'r
893 290 996 339 erit.
1034 286 1071 336 si
1084 288 1363 353 paullulum
1379 288 1545 337 modo
1560 306 1665 342 vos

309 360 535 424 languere
549 358 772 413 viderint,
785 360 887 421 jam
900 370 1075 405 omnes
1086 354 1266 404 feroces
1278 356 1497 421 aderunt.
1536 362 1661 408 No.

309 428 399 477 lite
413 424 947 488 existumarffimajores
960 423 1142 474 nostros
1154 423 1299 472 armis
1312 422 1579 489 Rempub.
1598 442 1669 477 ex

309 509 453 560 parva
468 508 695 561 magnam
709 490 886 542 feciffe.
924 495 973 541 Si
990 494 1054 541 ita
1082 507 1154 541 res
1176 486 1289 541 ess'et
1303 526 1316 547 ,
1348 493 1515 540 multo
1528 497 1661 558 pul-

313 563 601 614 cherrimam
617 577 725 611 eam
740 578 828 611 nos
853 559 1158 611 haberemus.
1193 561 1373 627 quippe
1388 556 1659 613 sociorum

313 642 463 697 atque
475 630 656 681 civium
673 663 688 685 ,
751 641 928 678 raeterea
943 642 1209 683 armorum,
1224 640 1374 693 atque
1388 640 1668 693 equorum,

313 700 474 760 inajor
498 700 636 763 copia
649 712 714 746 no
751 699 791 747 is
805 731 818 752 ‚
855 711 1008 764 quam
1032 697 1133 746 inis
1148 694 1229 745 est.
1266 695 1357 746 Sed
1372 697 1466 744 alia
1482 695 1658 758 fuere,

314 780 422 831 quae
450 766 563 815 illos
597 780 798 833 magnos
824 762 977 816 fecere
994 798 1007 820 ‚
1038 780 1144 831 quae
1170 761 1312 813 nobis
1338 763 1479 813 nulla
1494 763 1655 817 sunt:

313 832 453 883 domi
479 833 736 890 industria,
767 832 887 881 foris
911 830 1091 896 justum
1104 833 1399 898 imperium3
1436 834 1661 887 animus

314 902 369 951 in
385 898 685 953 consulendo
701 898 841 956 liber,
857 916 1019 966 neque
1033 898 1225 957 deusto,
1242 914 1404 966 neque
1418 898 1659 954 lubidini

247 964 254 971 ’
314 968 574 1019 obnoxius.
610 974 695 1017 Pto
711 968 785 1018 his
797 984 887 1017 nos
900 966 1133 1019 habemus
1151 968 1395 1018 luxuriam
1422 980 1583 1035 atque
1598 988 1659 1022 a-

312 1038 549 1096 varitiam3
564 1034 755 1102 publice
767 1034 1015 1101 egestatem
1034 1069 1047 1091 ,
1064 1036 1281 1101 privatim
1294 1037 1615 1103 opulentiam
1640 1056 1655 1090 ς

316 1105 569 1155 laudamus
587 1104 774 1155 divitias
789 1138 803 1161 ,
836 1100 1083 1171 sequimur
1112 1104 1335 1153 inertiam
1358 1120 1370 1152 ε
1406 1105 1533 1154 inter
1550 1105 1657 1157 bo-

315 1188 406 1227 nos
420 1176 468 1223 &
484 1174 638 1223 malos
651 1172 848 1223 nullum
864 1168 1117 1221 discrimen
1142 1170 1210 1221 est
1226 1188 1238 1218 ε
1266 1172 1438 1221 onnia
1452 1173 1659 1228 virtutis

314 1242 508 1305 praemia
521 1240 726 1291 ambitio
752 1236 965 1307 possidet.
1000 1244 1181 1307 Neque
1206 1241 1417 1299 mirum3
1442 1237 1541 1289 ubi
1558 1260 1657 1297 vos

315 1300 560 1373 separatim
575 1308 664 1358 fibi
677 1306 884 1375 quisque
898 1306 1157 1359 confilium
1172 1310 1336 1373 capitis
1350 1342 1364 1364 ,
1394 1304 1481 1357 ubi
1494 1307 1655 1363 dorni

315 1374 660 1440 voluptatibus,
675 1377 754 1425 hic
769 1379 996 1443 pecuniae‚
1012 1391 1095 1427 aut
1106 1373 1465 1443 gratie-servitis,
1484 1390 1551 1425 eo
1570 1378 1649 1439 fit,

315 1444 370 1491 'ut
385 1444 595 1507 impetus
623 1442 705 1493 fiat
731 1446 784 1493 in
811 1460 1013 1495 vacuam
1042 1443 1287 1510 Rempub.
1331 1444 1421 1495 sed
1436 1459 1527 1511 ego
1544 1446 1654 1500 h'aec

315 1511 508 1559 omitto.
545 1514 867 1577 Coniuravere
896 1514 1017 1564 cives
1031 1510 1318 1563 nobiliffimi
1342 1514 1544 1580 patriam
1562 1517 1653 1566 in-

311 1578 529 1629 cendetez
565 1583 822 1631 Gallorum
833 1595 1048 1648 gentem,
1058 1578 1421 1632 infestiffumam
1436 1585 1653 1636 nomini

312 1651 550 1697 Romano
577 1649 636 1699 ad
659 1648 852 1699 bellum
882 1647 1139 1699 arcessuntz
1177 1647 1276 1700 dux
1288 1649 1503 1702 hostium
1517 1667 1657 1704 cum

311 1718 521 1766 exercitu
533 1713 668 1782 supra
678 1730 820 1782 caput
831 1717 999 1768 est.vos
1010 1719 1309 1768 cunctamini
1321 1713 1468 1768 etium
1484 1731 1647 1780 nunc,

306 1785 368 1836 ,ὃς
385 1781 614 1834 dubitatis
627 1819 642 1840 ‚
671 1785 794 1851 quid
810 1819 822 1840 ‚
839 1786 963 1834 intra
976 1786 1163 1834 moenia
1174 1785 1473 1852 deprehenfis
1487 1785 1648 1839 hosti.

315 1850 424 1908 bus,
442 1850 650 1902 faciatis?
665 1850 998 1902 Misereamini
1014 1887 1028 1909 ,
1057 1851 1245 1904 censto.
1282 1854 1530 1921 deliquere
1545 1857 1648 1908 ho-

313 1917 824 1970 minesadolescentuli
846 1935 928 1986 per
941 1919 1265 1972 ambitionem
1282 1939 1293 1970 =
1326 1935 1470 1990 atque
1486 1923 1647 1977 etiam

313 1999 521 2037 armatos
561 1987 824 2038 dimittatis.
874 1993 957 2040 Nae
984 1989 1071 2038 ista
1116 1989 1254 2040 vobis
1285 1990 1608 2044 mansuetudo
1624 2029 1641 2052 ,

312 2057 365 2104 ὅ(
393 2050 735 2111 misericordia,
765 2053 892 2106 srilli
904 2073 1034 2108 arma
1046 2059 1283 2124 ceperint,
1316 2060 1371 2108 in
1391 2057 1643 2113 miseriam

311 2135 477 2175 vertet.
516 2125 704 2174 Scilicet
731 2139 806 2174 res
833 2121 927 2188 ipsit
958 2121 1112 2190 aspera
1126 2125 1192 2176 est
1207 2147 1225 2186 ς,
1259 2122 1338 2176 sed
1354 2144 1437 2178 vos
1452 2143 1560 2178 non
1576 2132 1643 2195 ti.

312 2193 460 2244 metis
487 2207 611 2242 eam.
642 2197 812 2242 Immo
837 2207 949 2243 veto
980 2207 1243 2256 maxume3
1278 2193 1354 2245 sed
1379 2197 1555 2248 inertia
1585 2203 1640 2252 δε

311 2260 523 2310 mollitia
539 2261 706 2309 animi.
725 2261 848 2310 alius
862 2261 1016 2310 alium
1034 2259 1640 2327 exspectantes,cunstami-

311 2328 396 2382 ni.
423 2325 646 2377 videlicet
671 2327 764 2378 diis
791 2329 1151 2379 immortalibus
1175 2329 1369 2389 confifi,
1401 2335 1491 2401 qui
1505 2335 1639 2386 hanc

309 2395 492 2458 Remp.
520 2396 573 2443 in
589 2397 836 2444 maxumis
864 2393 978 2461 saepe
991 2397 1214 2462 periculis
1226 2397 1476 2452 servavere.
1511 2405 1638 2454 Non

311 2460 461 2515 νοτὶς,
502 2476 661 2526 neque
693 2459 935 2528 suppliciis
959 2463 1280 2516 muliebribus
1308 2471 1486 2520 auxilia
1512 2469 1643 2522 deo·-

311 2537 424 2574 mm
440 2541 668 2590 parantur.
703 2530 949 2595 vigilando
963 2529 983 2587 ‚'
994 2533 1177 2596 agendo
1194 2567 1208 2589 ,
1236 2533 1362 2586 bene
1375 2537 1640 2591 consulen-

313 2589 396 2646 do,
411 2589 625 2657 prospere
641 2599 811 2646 omnia
831 2598 1023 2648 cedunt.
1042 2598 1126 2649 ubi
1140 2599 1359 2652 socordiae
1371 2617 1465 2656 tete
1482 2620 1636 2676 atque

311 2658 774 2734 iffliayiae,uadidefis
801 2697 816 2723 ,
853 2667 1188 2743 nequicquam
1212 2673 1339 2730 Deos
1363 2675 1605 2742 implores
1620 2694 1637 2726 ι

1708 194 1711 243 1
