1718 3157
105 1380 116 1396 ·
167 1363 301 1428 plis,
329 1380 526 1432 nequeo
546 1363 650 1416 satis
664 1367 821 1415 mirati
837 1401 851 1421 ‚

141 2099 279 2159 ‘tuna
291 2110 412 2161 belli
438 2110 638 2164 consum
674 2108 823 2166 serat,
852 2110 1072 2162 satiatus:

499 92 1187 140 txsaznusr.1-itsr.
1459 99 1524 138 29

569 197 1150 257 ORATIO

383 289 1339 348 LE'r1nxcoNs.

614 366 675 416 ad
688 365 862 430 Popul.
877 368 1076 413 Roman
1087 397 1099 410 .

359 471 446 518 Ex
480 469 973 516 Ltnnxsfltsr.
1005 467 1348 513 Sanaos-1⁸.

190 562 277 651 C
294 559 338 604 L
356 572 389 604 ε.
408 571 449 604 Μ
470 574 501 606 r.
516 571 551 604 n
568 571 600 601 τ
620 571 639 604 ι
658 571 692 604 Α
740 556 791 605 δε
815 551 1021 618 probitas
1045 550 1196 600 vestra
1211 583 1226 607 ,
1271 551 1522 611 Quirites..

296 621 478 690 quibus
487 638 569 689 pet
580 637 757 672 caetetas
770 635 932 688 gentes
949 620 1170 669 maxumi
1185 622 1233 669 &
1247 619 1361 667 clati
1374 621 1485 670 estis
1499 657 1516 677 ,

188 688 463 756 plutimum
490 693 677 742 timoris
688 689 815 738 mihi
830 689 1019 737 faciunt
1032 721 1047 743 ,
1077 681 1292 736 advexsus
1304 691 1520 751 tytanni-

186 755 304 806 dem
320 762 378 806 L.
398 759 555 825 sylla:
577 774 641 808 ne
651 769 732 807 aut
745 754 834 822 ipsi
853 789 869 812 ,
898 771 1004 822 qua
1020 754 1230 804 nefanda
1242 753 1512 813 aestumatis,

182 839 239 874 ea
254 839 425 889 patum
442 819 680 876 credendo
694 826 755 874 de
769 825 894 880 aliis,
911 823 1382 872 citcumveniamini:
1399 839 1516 888 prae-

177 887 345 940 stnim
362 909 521 960 quum
535 895 617 944 illi
641 891 745 958 spes
760 894 927 947 omnis
951 892 1006 940 in
1027 887 1201 941 scelere
1215 903 1358 956 atque
1371 889 1514 956 peni-

174 957 261 1008 dia
272 957 359 1020 fit3
390 977 552 1029 neque
570 957 617 1012 se
629 963 763 1010 alitet
788 973 952 1010 tutum
966 971 1103 1024 putet
1119 992 1133 1014 ,
1160 973 1314 1023 quam
1328 955 1364 1005 fi
1377 962 1520 1023 pejot·

174 1040 325 1092 atque
338 1028 658 1078 intestabilior
670 1041 809 1078 metu
820 1027 970 1078 vestro
987 1025 1132 1076 fuerit
1146 1059 1160 1080 ‚
1190 1039 1302 1092 quo
1314 1029 1512 1090 captivis

172 1091 411 1144 libemtis
434 1112 600 1145 cutam
616 1092 804 1144 misetia
816 1097 1026 1144 eximat:
1053 1106 1138 1143 aut
1153 1126 1166 1148 ,
1198 1095 1233 1140 fi
1247 1095 1512 1158 provideti-

176 1162 243 1210 tis
257 1194 272 1218 ,
303 1164 359 1211 in
371 1163 587 1212 tutandis
600 1163 818 1228 periculis
832 1164 983 1227 magis
996 1177 1148 1227 quam
1162 1161 1214 1208 in
1233 1158 1508 1212 ulciscendo

180 1231 469 1280 teneamini.
501 1232 729 1280 satellites
741 1229 945 1295 quidem
958 1232 999 1292 ej
1007 1246 1077 1283 us,
1095 1229 1318 1278 homines
1333 1245 1507 1281 maxu-

177 1297 255 1344 mi
274 1298 495 1347 nominis
506 1332 521 1355 ,
553 1315 655 1349 non
671 1299 838 1348 minus
849 1299 1065 1415 oggumis
1081 1301 1322 1360 majorum
1337 1314 1506 1348 exem-

913 1367 1234 1415 ominationis
1247 1367 1300 1414 in
1314 1381 1399 1415 vos
1411 1364 1504 1416 set-

162 1432 347 1482 vitium
362 1431 505 1484 suum
520 1434 795 1484 mercedem
810 1433 952 1484 dant:
971 1436 1021 1484 &
1038 1447 1307 1500 utrumque
1323 1449 1407 1500 pet
1420 1436 1502 1484 in-

166 1501 352 1564 jutiam
369 1503 565 1552 malunt
580 1536 594 1558 ‚
632 1517 781 1568 quam
797 1516 1004 1567 optumo
1018 1505 1122 1564 juxe
1137 1535 1151 1557 ,
1189 1501 1329 1550 liberi
1347 1517 1503 1568 agere.

160 1569 386 1619 Psaeclaxa
408 1573 663 1621 Brutorum
692 1584 836 1637 atque
849 1571 1171 1621 AEmiliotum
1189 1572 1238 1621 δι
1253 1571 1504 1621 ιιιᾶαείο-

159 1650 280 1685 rum
296 1638 455 1701 ptoles
467 1671 482 1693 ‚
497 1640 646 1704 geniti
657 1638 716 1687 ad
729 1654 786 1687 ea
800 1672 814 1694 ‚
836 1654 941 1706 quoe
953 1642 1160 1701 majores
1172 1640 1346 1689 vittute
1355 1654 1502 1705 pepe-

155 1718 266 1753 tete
281 1737 296 1760 ,
314 1702 642 1757 subvertenda.
674 1710 803 1755 Nam
818 1706 940 1772 quid
954 1703 982 1753 a
995 1706 1182 1771 Pyntho,
1198 1705 1498 1763 Hannibale,

152 1770 487 1839 Philippoque
499 1776 548 1824 ὃ(
564 1772 813 1823 Antiocho
824 1770 1080 1823 defensum
1097 1772 1164 1823 est
1176 1774 1327 1831 aliud,
1344 1790 1498 1841 quam

156 1836 360 1889 libertas
372 1844 423 1891 &
436 1840 524 1911 sqae
540 1843 719 1909 cuique
732 1838 863 1891 sedes
878 1863 893 1901 3
924 1856 1024 1891 neu
1037 1843 1118 1891 cui
1136 1876 1150 1897 ‚
1181 1840 1269 1891 nifi
1283 1841 1492 1909 legibus,

154 1922 437 1972 pareremus
465 1912 481 1959 ὶ
533 1911 652 1977 Qae
686 1910 857 1959 cunsta
892 1905 1030 1959 saevus
1065 1907 1166 1977 ‘iste
1203 1912 1456 1961 Romulus
1471 1946 1487 1969 ‚

144 1970 296 2041 'quafi
312 1974 373 2026 ab
387 1978 592 2027 extemis
605 1990 732 2043 xapta
746 2011 760 2032 ,
779 1988 912 2025 tenet
927 1999 943 2038 3
974 1992 1083 2025 non
1099 1989 1173 2026 tot
1187 1980 1490 2028 exercituum

153 2043 477 2111 clademeque
492 2049 637 2095 Coss.
658 2048 709 2094 &
723 2045 933 2095 alioxum
951 2046 1374 2159 Ptincifumquos
1384 2046 1489 2096 fot·

1121 2112 1178 2161 ed
1195 2126 1301 2163 tum
1312 2114 1487 2164 exude-

149 2177 255 2227 liot
268 2212 284 2235 ‚
312 2194 469 2245 quum
486 2180 618 2247 plexo
640 2195 736 2247 que
747 2176 960 2231 secundae
975 2180 1110 2230 resin
1124 2178 1484 2233 miserationem

150 2261 217 2295 ex
231 2246 303 2294 ita
316 2261 522 2297 vertunt.
558 2245 697 2313 Qin
724 2248 851 2297 solus
877 2250 1109 2298 omnium
1126 2280 1141 2302 ,
1167 2248 1274 2312 post
1287 2250 1483 2299 'memo-

145 2315 278 2363 1iam
294 2312 802 2381 hominum,supplicia
812 2317 866 2363 in
880 2312 983 2381 pest
996 2314 1184 2365 futuros
1195 2316 1481 2383 composuit:
1499 2310 1518 2344 ⁵

149 2383 299 2449 queis
308 2383 443 2447 pxius
472 2384 650 2443 injuria
665 2399 815 2449 quam
832 2384 930 2431 vita
945 2395 1068 2431 certa
1080 2378 1194 2431 esset
1210 2418 1224 2439 ‚
1256 2385 1480 2451 pravissu-

146 2464 335 2515 meque
347 2466 432 2516 pet
442 2447 993 2499 stelexisimmanitatem
1007 2449 1160 2499 adhuc
1172 2464 1301 2502 tutus
1313 2454 1476 2513 fuexit,

144 2514 273 2565 dum
288 2533 391 2574 vos,
408 2530 547 2566 metu
559 2518 783 2583 gtavioxis
796 2514 998 2571 servitii,
1021 2514 1049 2565 ἒ
1064 2520 1315 2583 repetenda
1329 2520 1476 2570 liber-

140 2597 244 2633 tate
271 2585 541 2635 tenemini.
578 2584 838 2651 Agendum
868 2599 1012 2650 atque
1037 2583 1232 2637 obviam
1251 2589 1473 2638 eundum

142 2648 233 2710 est,
248 2653 495 2723 Qixites:
514 2667 578 2703 ne
593 2650 743 2719 spolia
755 2650 920 2769 vestr}
917 2668 1060 2716 penes
1074 2654 1218 2727 iilum
1233 2653 1338 2706 fiut.
1353 2661 1474 2707 Nou

959 2734 994 2777 3.
1251 2746 1257 2751 .
1366 2734 1478 2787 pto-
