1718 3157
353 137 435 172 nx
471 125 1131 174 Lrvroeorrncrffi.
1314 137 1405 173 221

61 184 272 239 eaufiun
287 186 430 252 fuiflIe
442 187 667 241 censetis?
683 189 865 240 Eadem
882 188 981 240 fuit
997 224 1011 246 ,
1024 205 1131 258 qna
1143 189 1415 255 majoribus

61 255 268 314 nostris,
285 258 410 325 niltil
427 254 490 308 de
505 257 594 308 hac
606 273 657 308 re
671 258 778 324 lege
791 255 1057 316 sanciendi,
1070 259 1211 310 nulla
1224 272 1321 309 erat
1334 259 1415 310 lu·

63 326 216 376 xuria
231 360 246 382 ,
262 340 372 393 quae
383 329 690 378 co'e‘rceretur.
727 331 755 376 S
774 341 792 376 ι
811 345 842 378 ο
859 340 895 374 υ
911 341 947 375 τ
982 339 1095 378 ante
1110 325 1308 377 morbos
1322 343 1415 378 ne-

62 390 198 446 cess'e
213 393 284 444 est
293 396 512 462 cognitos
525 391 790 461 effe‚quam
803 394 1017 444 remedia
1028 411 1199 446 eorum
1220 412 1233 443 ε
1250 393 1315 445 fic
1326 410 1416 446 cu·

62 461 296 529 piditaoes
309 465 440 530 prius
451 477 570 513 natt-
579 460 692 512 sunt
700 477 852 530 quam
868 465 1119 530 legemquae
1125 465 1189 513 iis
1202 463 1412 514 modum

63 529 306 582 facerent.
346 531 481 600 Qid
497 532 658 598 legem
682 531 925 580 Liciniam
940 532 1159 583 excitavit
1184 530 1245 582 de
1257 534 1413 598 quin·

66 600 230 666 gentis
243 599 486 666 iugeribus
500 616 528 648 n
535 599 590 648 ist
603 600 772 665 ingens
783 598 961 664 cupido
972 615 1106 666 agros
1118 601 1413 651 continuan-

71 667 124 718 di
145 671 166 717 ἰ
205 667 342 734 Qid
369 668 530 736 legem
544 668 770 718 Cinciam
785 667 846 716 de
872 667 1016 717 donis
1028 671 1079 719 &
1092 665 1375 720 muneribus
1391 701 1409 725 2

76 733 174 785 nisi
186 737 304 802 qnia
315 737 555 803 vcffigalis
569 739 666 800 jam
681 737 732 786 dt
745 734 1053 800 stipendiaria
1064 733 1227 801 plebes
1239 733 1331 786 ess'e
1343 734 1412 788 se-

75 805 220 855 natui
231 818 438 871 coeperat
451 810 470 854 2
485 811 656 871 Itaque
669 803 883 852 minime
894 804 1078 854 mirnrn
1094 803 1161 854 est
1178 837 1192 859 ,
1208 819 1300 854 nec
1314 809 1359 856 0

71 873 326 938 piam,nec
339 873 488 922 aliam
505 873 664 923 ullam
679 885 786 922 tum
801 871 961 938 legem
974 869 1285 923 defidcramn
1300 887 1327 922 e
1392 907 1409 930 ‚

70 941 410 1006 quamodum
424 937 696 1006 sumptibus
724 940 991 990 mulierum
1006 939 1181 990 faceret
1200 960 1216 1000 3
1248 951 1409 1008 quum

70 1023 256 1059 aurum
283 1011 335 1060 δε
359 1023 616 1076 purpuram
633 1009 743 1058 data
769 1011 820 1058 δε
834 1005 995 1058 oblata
1022 1009 1154 1058 ultro
1168 1025 1269 1058 non
1286 1011 1415 1059 acci-

67 1075 294 1144 piebant.
331 1077 380 1130 Si
395 1091 528 1127 nunc
541 1091 656 1126 cum
672 1077 768 1125 illis
781 1075 923 1125 donis
936 1079 1123 1140 Cyneas
1137 1075 1307 1128 urbem
1322 1078 1415 1126 cir-

67 1145 294 1195 cumiret
308 1144 534 1205 ,strantes
552 1145 606 1192 in
619 1141 816 1208 publico
830 1139 1082 1193 inveniffet
1108 1159 1213 1211 qua
1230 1146 1415 1210 accipe-

70 1225 206 1263 rent.
243 1221 409 1278 Atque
421 1227 512 1278 ego
529 1212 882 1261 nonnullarum
895 1210 1211 1276 cupiditatum
1228 1228 1291 1261 ne
1304 1227 1417 1264 cau-

71 1278 186 1333 sam
218 1279 428 1348 quidem
453 1292 538 1330 aut
559 1280 804 1328 rationem
825 1279 948 1328 inire
961 1275 1167 1344 poffum.
1199 1283 1331 1332 Nam
1362 1293 1428 1332 ut-

73 1348 224 1416 quod
237 1350 324 1398 alii
339 1348 498 1404 liceat,
511 1345 604 1398 tibi
615 1361 716 1396 non
731 1347 879 1396 licere
893 1380 907 1404 ,
922 1347 1111 1414 aliquid
1126 1344 1315 1398 fortasse
1330 1364 1418 1398 na-

71 1417 250 1468 turalis
271 1429 356 1467 aut
377 1415 574 1484 pudoris
588 1448 602 1470 ,
627 1427 722 1466 ant
742 1415 1105 1486 indignationis
1121 1413 1321 1466 habeat-t
1352 1414 1421 1468 fic

69 1497 269 1553 aequam
287 1485 526 1535 omniurn
551 1484 692 1534 cultu
706 1516 720 1540 ,
746 1483 871 1550 quid
888 1483 1429 1552 unaquaeqnevcssrum-

69 1565 286 1611 veretur,
303 1567 367 1603 ne
379 1551 432 1603 in
445 1550 494 1603 se
509 1548 820 1619 conspiciatur
834 1559 850 1605 ἓ
865 1551 1029 1603 Peffim
1038 1569 1090 1603 us
1106 1553 1308 1621 quidem
1322 1569 1417 1622 pu·-

77 1621 168 1672 dor
179 1621 248 1672 est
263 1623 340 1674 vel
355 1619 654 1687 parfimoniae
671 1652 685 1677 ,
713 1620 790 1671 vel
804 1623 1113 1688 paupertatis:
1128 1619 1206 1674 sed
1224 1637 1415 1675 utrum-

81 1704 180 1755 que
191 1690 272 1741 lex
285 1690 426 1741 vobit
439 1688 594 1739 demit
613 1722 628 1745 ‚
643 1704 802 1757 quum
827 1689 879 1739 id
894 1691 1029 1757 quod
1044 1689 1215 1741 habere
1232 1708 1335 1742 non
1348 1693 1411 1741 li.

76 1770 278 1814 cetmon
293 1755 498 1809 habetis.
511 1764 666 1813 Hanc,
679 1754 1013 1823 inquit,iplam
1030 1761 1411 1825 exaequationem

75 1840 184 1877 non
200 1825 416 1881 familia
428 1826 665 1892 locuplcs3
677 1840 762 1875 cur
777 1840 881 1874 non
895 1824 1093 1891 infignis
1104 1842 1221 1877 auro
1234 1829 1283 1878 δι
1298 1844 1413 1894 pur-

75 1909 196 1960 pura
225 1892 528 1960 conspiciet?
554 1908 638 1945 cur
647 1907 893 1959 paupertas
916 1894 1121 1944 aliarum
1138 1890 1223 1945 sub
1238 1896 1326 1948 hac
1338 1897 1411 1946 le-

77 1963 152 2028 gis
165 1958 314 2029 specie
329 1963 443 2013 latet
459 1996 476 2018 ,
506 1974 558 2012 ut
572 1962 710 2029 quod
725 1958 901 2017 habere
914 1978 1017 2011 non
1031 1959 1225 2029 poffunt
1240 1998 1254 2021 ‚
1272 1962 1412 2014 habi-

77 2043 195 2080 turae
210 2063 224 2085 ,
251 2028 290 2080 fi
303 2030 468 2081 liceret
481 2062 495 2085 ‚
525 2026 665 2080 fuiss'e
677 2028 925 2080 videantur
942 2035 961 2082 ἓ
988 2032 1143 2082 Vultis
1158 2032 1254 2082 hoc
1266 2045 1413 2082 certa„-

79 2113 200 2148 rnen
217 2096 448 2149 uxoribus
461 2097 618 2159 vestris
631 2099 846 2162 injicere,
864 2100 1090 2159 Quirites,
1107 2112 1161 2148 ut
1174 2098 1347 2149 divites
1359 2100 1413 2150 id

80 2164 258 2216 habere
269 2168 422 2217 velint
437 2200 452 2223 ,
472 2166 610 2233 quod
623 2168 762 2217 nulla
775 2168 875 2215 alia
885 2165 1023 2233 pofflt
1040 2186 1055 2225 3
1070 2180 1299 2233 pauperes
1314 2200 1331 2222 ,
1347 2182 1413 2217 ne

82 2231 150 2282 ob
179 2232 274 2283 hoc
285 2232 442 2301 ipsum
470 2248 846 2287 contemnantur
862 2267 877 2289 ,
905 2231 1041 2299 supra
1054 2238 1175 2285 vires
1188 2230 1235 2282 se
1245 2247 1415 2285 exten-

81 2300 202 2350 dant
216 2305 332 2353 ma
343 2338 358 2360 ,
377 2301 524 2352 fimul
538 2302 716 2367 pudere
734 2336 748 2359 ,
815 2302 915 2352 uod
930 2318 1035 2351 non
1049 2314 1239 2367 oportet
1251 2315 1414 2367 coepe·

80 2370 142 2419 rit
155 2389 172 2429 3
189 2369 326 2435 quod
338 2383 540 2435 oportet,
557 2386 660 2420 non
671 2386 734 2436 pu
771 2318 889 2419 :Lim
906 2384 1013 2436 quae
1028 2368 1090 2419 de
1104 2366 1191 2419 suo
1206 2372 1381 2434 poterit
1395 2404 1412 2427 ‚

81 2436 262 2502 parabit
275 2454 294 2485 τ
307 2454 413 2505 quae
426 2453 529 2488 non
545 2442 716 2504 poterit
727 2470 742 2493 ‚
755 2438 921 2489 virum
934 2435 1131 2503 rogabit.
1173 2433 1413 2489 Miserum

78 2505 227 2555 illum
253 2508 418 2556 virum
435 2540 449 2563 ,
481 2507 533 2556 ὃ(
547 2509 635 2572 qui
663 2520 888 2556 exoratus
901 2508 952 2555 &
964 2506 1171 2571 quinon
1185 2520 1409 2562 exoratus

83 2575 200 2623 erit!
235 2589 398 2640 quum
411 2574 548 2641 quod
575 2572 670 2639 ipse
683 2590 788 2623 non
814 2572 995 2621 dederit
1012 2604 1027 2627 ‚
1054 2572 1223 2622 datum
1238 2572 1301 2622 ab
1313 2576 1415 2625 alio

82 2640 286 2691 videbit.
323 2648 469 2693 Nunc
485 2644 631 2706 vulgo
655 2642 842 2691 alienos
853 2643 979 2690 viros
990 2654 1160 2707 rogant
1175 2674 1189 2704 ,-
1213 2644 1261 2691 &
1277 2640 1416 2707 quod

85 2708 360 2776 maiuscst,
394 2710 552 2775 legem
565 2711 617 2759 &
645 2705 864 2775 suffragia
879 2723 1046 2775 rogant
1060 2728 1076 2769 5
1105 2710 1155 2760 ἃ
1172 2706 1201 2757 a
1215 2703 1418 2821 quigus-

781 2780 831 2825 K
866 2793 901 2833 3.
1334 2784 1425 2821 am
