1718 3157
263 122 349 159 ιε
383 114 679 179 chiu·
697 124 787 159 ro.
806 124 1034 161 count
1052 127 1083 161 c
1101 126 1216 161 1·AE-
1325 125 1430 170 345

86 176 215 239 prodi
231 177 395 244 potest
410 211 425 235 ,
457 191 513 228 ut
526 193 643 227 eum
658 176 720 228 de
744 174 793 228 se
802 176 1040 230 fateantur
1054 214 1070 237 ,
1096 180 1244 230 illum
1257 191 1424 231 tamen

83 245 247 295 celent.
292 251 538 296 Caetetum
550 241 789 295 Philotam
816 242 962 311 ipsius
983 248 1166 299 indicat
1176 249 1286 299 vita.
1323 251 1417 299 Hic

82 315 322 379 Amyntae,
344 316 435 380 qui
451 311 581 381 tnihi
597 310 915 365 consobrinus
927 314 1040 372 fuit,
1056 318 1106 369 ὃ(
1120 318 1176 367 in
1190 316 1418 367 Macedo-

81 380 153 428 nia
170 382 321 445 capiti
338 396 455 431 meo
468 382 542 430 im
578 382 646 431 ias
658 382 948 447 comparavit
975 380 1167 434 infidias
1181 418 1196 439 ,
1227 382 1416 436 socium

80 442 121 495 se
144 450 193 499 &
217 445 479 499 conscium
508 464 535 497 a
570 450 747 513 junxit.
781 450 876 499 Hic
893 451 1055 500 Attalo
1073 484 1087 508 ,
1114 466 1218 519 quo
1229 454 1417 519 gravio-

78 527 169 563 tem
184 517 459 569 inimicum
474 532 581 567 non
593 515 745 568 habui
761 541 779 572 ς
792 513 1002 569 soterem
1017 514 1152 570 suam
1169 522 1224 569 in
1241 522 1410 571 matri-

84 585 310 635 monium
338 584 492 635 dedit.
527 585 623 635 Hic
639 619 653 641 ,
681 599 799 637 cum
830 582 1102 649 stripfiffem
1129 588 1176 637 ei
1223 602 1275 641 to
1301 592 1410 653 inte

80 658 166 699 tam
180 650 442 703 familiatis
457 649 565 705 usus
577 664 724 719 atque
737 650 957 703 amicitiae
975 688 988 709 ,
1004 654 1168 719 qualis
1197 670 1272 704 ors
1285 654 1410 707 editi

82 713 179 767 effet
205 716 347 785 Jovi's
372 721 642 773 Ammonis
668 720 868 771 oraculo
883 753 897 776 ‚
925 719 1144 777 sustinuit
1156 719 1408 775 rescribere

78 786 191 835 mihi
208 821 223 843 ‚
238 786 287 837 se
301 786 514 853 quidem
528 788 773 855 gratulati,
790 788 928 855 quod
945 788 998 840 iri
1013 805 1275 843 numerum
1290 790 1407 841 deo-

78 865 175 905 tum
188 869 413 921 receptus
426 852 573 906 effem
591 874 602 903 :
623 868 843 908 caetetum
861 854 1070 911 miseren
1084 874 1272 916 eorum,
1291 861 1405 925 qui-

78 916 155 971 bus
183 922 456 987 vivendum
483 920 595 973 estet
620 918 707 973 sub
738 940 799 974 eo
814 958 829 980 ,
859 926 948 993 qui
964 926 1168 977 modum
1183 928 1404 979 hominis

75 991 327 1043 excedete‘t.
366 996 475 1041 Haec
486 990 598 1043 sunt
609 994 757 1043 etiam
774 994 945 1050 animi,
961 994 1148 1059 pridem
1163 996 1358 1045 alienati
1374 992 1403 1045 ὲ

76 1070 147 1106 me
163 1093 177 1114 ,
204 1062 257 1111 3:
271 1060 538 1111 invidentis
546 1062 707 1127 glotiae
722 1074 840 1109 meae
853 1094 869 1119 y,
899 1062 1077 1111 indicia
1094 1080 1106 1109 z
1141 1078 1246 1131 quae
1262 1062 1404 1128 equi-

78 1122 193 1181 dem,
210 1130 416 1183 milites,
430 1128 669 1195 quamdiu
683 1125 822 1179 licuit
840 1163 853 1183 ,
867 1130 919 1179 in
935 1132 1102 1178 animo
1118 1144 1233 1179 meo
1247 1126 1399 1195 pteffi.
1459 1166 1463 1171 -

78 1192 275 1246 Videbat
302 1198 449 1247 enim
476 1196 603 1247 mihi
628 1209 809 1263 partem
824 1194 1056 1249 visten‘im
1073 1213 1298 1246 meorum
1313 1196 1401 1247 ab·

78 1273 287 1329 rumpere
302 1299 316 1321 ‚
334 1263 391 1320 fi,
408 1266 465 1315 in
482 1280 607 1331 quos
619 1278 723 1313 tam
738 1279 912 1333 magna
925 1264 1238 1321 co'ntuleram,
1255 1264 1402 1315 vilio-

77 1341 135 1378 res
147 1332 269 1382 mihi
282 1332 612 1383 facerem.Sed
630 1334 727 1397 jam
745 1348 847 1383 non
861 1331 1000 1381 vetba
1014 1332 1256 1399 punienda
1273 1330 1398 1382 shut:

76 1394 235 1463 linguat
250 1402 497 1451 temetitas
523 1402 738 1467 pervenit
753 1399 811 1450 ad
825 1397 1024 1467 gladibs.
1057 1406 1158 1450 Hos
1187 1398 1256 1465 (fi
1271 1400 1398 1451 mihi

76 1466 249 1519 cteditis
263 1468 286 1531 )·
316 1468 531 1520 Philotas
556 1470 610 1519 in
626 1484 707 1517 me
732 1469 872 1518 acuit.
909 1464 1114 1535 fiipsum
1136 1464 1364 1517 dimisero
1380 1502 1396 1525 ‚

77 1548 167 1599 quo
181 1552 265 1589 me
292 1536 547 1588 conferam
563 1570 577 1594 ‚
605 1536 817 1586 milites?
849 1536 928 1586 cui
943 1550 1082 1604 caput
1116 1552 1284 1586 meum
1300 1552 1400 1588 cre-

75 1602 175 1652 dam
191 1609 209 1654 ³
240 1607 499 1674 Equitatui
514 1640 531 1662 ‚
542 1645 545 1649 .
558 1607 749 1670 optimae
761 1606 991 1658 exercitus
1000 1606 1114 1670 parti
1131 1641 1160 1662 „
1175 1606 1399 1670 principi-

76 1667 155 1721 bus
168 1671 479 1726 nobiliffimae
492 1675 755 1737 juventutis
772 1679 930 1723 un'um
945 1673 1125 1738 praefeei
1141 1671 1158 1732 :s
1174 1669 1395 1730 salutem,

74 1733 191 1802 spem
206 1777 221 1799 ,
253 1744 511 1796 viEtotiam
531 1739 725 1795 meam,
742 1739 853 1790 fidei
874 1744 978 1804 ejus
993 1739 1243 1810 tutelique
1259 1757 1398 1791 com-

76 1808 201 1858 misi:
230 1826 420 1877 patrem
450 1811 507 1859 in
535 1809 667 1860 idem
698 1807 939 1876 fastigii-tm
957 1843 970 1864 ,
1000 1809 1052 1860 in
1083 1826 1184 1876 quo
1213 1826 1295 1859 me
1307 1809 1396 1876 ipfi

75 1873 285 1938 posuistis
301 1915 316 1937 ,
332 1879 549 1928 admovi.
586 1875 801 1928 Mediam
820 1910 834 1932 ,
852 1891 952 1944 qua
965 1878 1098 1927 nulla
1117 1881 1396 1946 opulentior
1463 1881 1467 1888 '

75 1947 194 2010 tegio
207 1947 277 1998 est
294 1981 309 2004 ,
340 1960 415 1996 tot
429 1944 609 1998 civium
627 1942 965 2011 sociorumque
979 1947 1137 1994 millia
1157 1980 1171 2004 ‚
1187 1950 1416 2012 impetie-

73 2017 164 2074 e-jus
177 2014 461 2082 ditionique
480 2011 675 2077 subjeci.
708 2011 850 2066 Unde
864 2011 1126 2079 ptaefidium
1143 2017 1392 2080 petieram,

74 2084 341 2142 periculum
368 2084 539 2134 extitit.
575 2088 739 2148 Qam
768 2080 971 2132 feliciter
995 2085 1047 2131 in
1075 2084 1172 2134 acie
1199 2081 1400 2132 occidis-

75 2145 181 2206 sem,
200 2155 366 2218 potius
378 2149 523 2202 hostis
536 2147 698 2218 ptaeda,
714 2165 866 2216 quam
881 2152 993 2201 civis
1005 2151 1198 2200 victima
1213 2153 1228 2198 ἒ
1247 2153 1398 2218 Nunc

75 2211 267 2270 setvatus
284 2237 345 2270 ex
360 2221 586 2286 petit-,ulis
601 2253 615 2275 ,
632 2233 737 2286 quae
752 2215 847 2266 sola
862 2215 1006 2266 timui
1023 2237 1038 2278 3
1053 2217 1104 2267 in
1119 2218 1212 2268 haec
1227 2219 1396 2276 incidi,

78 2299 173 2350 quae
184 2291 359 2338 timete
373 2281 476 2338 'no‘n
489 2285 657 2337 debui,
674 2287 845 2336 Soletis
858 2285 1122 2336 identidem
1140 2284 1165 2335 ὲ
1185 2302 1280 2342 me,
1299 2288 1396 2336 mi-

76 2353 174 2405 lites
188 2389 204 2412 ,
234 2369 395 2424 petere
411 2391 426 2413 ,
458 2369 512 2406 ut
526 2353 662 2406 {hluti
679 2369 795 2404 meae
808 2369 1011 2424 parcam.
1047 2353 1134 2420 Ipsi
1150 2353 1272 2406 mihi
1287 2357 1399 2420 prae.

78 2419 183 2472 state
212 2425 409 2490 potestis
427 2457 441 2480 ‚
470 2424 606 2490 quod
620 2420 819 2474 suadetis
846 2435 896 2472 ut
911 2421 1100 2472 faciam.
1141 2424 1216 2473 Ad
1233 2424 1404 2476 vestras

79 2501 243 2542 manus
259 2528 274 2550 ‚
307 2493 367 2544 ad
382 2493 528 2543 vestra
542 2505 675 2540 arma
702 2491 934 2558 confligio
949 2505 964 2536 t
993 2493 1153 2541 invitis
1165 2491 1301 2543 vobis
1314 2491 1402 2545 fial-

77 2569 153 2674 Ἐς
164 2557 254 2613 effe
274 2563 395 2615 nolo
414 2579 427 2610 z
458 2559 767 2617 volent-ibae,
800 2575 906 2610 non
932 2555 1121 2626 possum
1138 2593 1153 2618 ,
1186 2559 1275 2610 nili
1291 2565 1403 2614 vin-

128 2643 223 2681 cot·

797 2745 925 2820 ιη’
1041 2751 1050 2758 “
1168 2737 1402 2816 GRA-
