1718 3157
459 48 920 100 xx'S'Annosr.
955 43 1141 97 H't'srt‘.
1415 61 1472 104 33·

172 113 283 166 mihi
295 115 493 184 paulam
508 149 522 172 ‚
539 116 657 166 deos
668 129 861 183 penates
877 149 892 171 ,
911 131 1027 165 eum
1044 114 1227 182 ingenti
1241 112 1476 180 dignitate

168 183 359 234 dedistis.
371 188 457 234 Pto
470 181 654 251 quibus
664 181 927 239 benefieiis,
937 183 1020 232 vix
1034 179 1138 232 finis
1147 179 1358 248 gratusfi
1373 180 1472 233 fin-

166 252 281 317 gulis
292 251 529 308 animam,
546 265 701 320 quam
716 267 779 300 ne
819 265 930 306 ueo,
945 247 1270 302 concessetim.
1305 255 1354 301 N
1372 265 1405 298 Α
1425 267 1468 300 Μ

164 318 254 369 vita
266 321 312 368 &
327 335 457 370 mots
468 323 573 384 jura
587 331 761 369 natutae
794 330 882 368 unt
898 334 910 365 :
928 330 982 368 ut
995 315 1098 367 fine
1109 316 1338 368 dedecore
1351 333 1470 368 eum

162 384 351 442 civibus,
365 384 497 436 fama
507 390 558 438 &
570 384 779 436 sottunis
790 386 970 451 integer
980 401 1103 450 agas,
1119 385 1169 434 id
1182 384 1318 435 dono
1331 383 1469 435 datut

160 466 298 518 atque
313 455 552 519 accipitur.
565 450 799 503 Consules
812 467 902 502 nos
913 451 1472 520 fecistisqujtites,domi

162 517 371 588 bellique
383 517 743 588 impeditiffima
758 517 949 586 Repub.
964 524 1191 586 Namque
1207 517 1474 586 Impexa'to-

160 601 235 637 tes
247 583 471 653 Hispania
483 585 791 654 stipendium,
809 589 1004 643 milites,
1015 587 1470 642 atma‚stumentum

229 652 356 705 scunt
370 671 382 703 :
399 658 449 706 δε
462 655 511 706 id
521 671 595 706 tec
604 657 733 722 cogit
748 673 762 703 :
777 657 1019 723 quoniam
1031 653 1134 722 post
1146 655 1469 706 defeffionem

212 724 412 780 ciorum,
428 725 479 773 &
494 725 687 774 sertorii
698 739 781 790 pet
792 735 988 774 montes
1000 722 1348 790 fugam‚neque
1363 739 1470 773 ma-

160 806 231 840 nu
242 803 408 842 certate
426 788 613 858 pofl'unt
622 825 636 846 ‚
647 807 809 858 neque
822 792 958 841 utilia
969 806 1141 858 parate.
1162 793 1398 842 Exetcitus
1411 793 1468 842 in

158 855 268 907 Afia
295 860 568 926 Ciliciaque
581 857 649 908 ob
676 860 855 909 nimias
871 875 988 926 opes
1015 859 1312 910 Mithtidatis
1323 860 1470 908 alun-

156 937 247 976 tut:
265 927 548 978 Macedonia
561 927 702 992 plena
712 925 928 977 hostium
946 927 1028 976 est:
1045 941 1135 976 nec
1148 928 1312 978 minus
1321 927 1471 976 ltalia

154 994 455 1045 maritima&
469 995 823 1059 provinciarum
842 1011 855 1043 z
885 1010 1000 1046 cum
1014 996 1206 1044 intetim
1220 995 1470 1070 vectigalia

154 1075 310 1125 parva,
324 1063 374 1110 ὅ(
385 1059 527 1110 bellis
536 1063 713 1111 ineerta
727 1095 739 1116 ‚
752 1064 835 1112 vix
846 1077 1026 1127 partem
1041 1061 1323 1128 sumptuum
1337 1061 1472 1111 iusti-

160 1140 279 1176 nent
292 1144 305 1174 ι
321 1129 389 1176 ita
400 1125 555 1182 dasse,
570 1144 670 1194 qua
680 1143 980 1180 commeatus
989 1127 1262 1183 vehebatur,
1279 1131 1469 1178 minore

162 1207 313 1258 quam
327 1206 462 1243 antea
474 1196 879 1261 navigamus.Haec
891 1194 928 1243 si
940 1196 1056 1245 dolo
1069 1209 1146 1245 aut
1159 1193 1365 1245 socordia
1379 1211 1469 1245 no·

160 1259 251 1310 stra
265 1263 501 1314 contrella
514 1260 837 1328 sunt,agite,&
852 1263 921 1312 uti
937 1261 1087 1317 lubet,
1106 1264 1168 1312 ita
1180 1260 1467 1328 supplicium

157 1325 339 1378 sumite
353 1345 367 1377 ε
396 1327 469 1380 fin
483 1332 765 1382 communis
778 1329 972 1380 fortuna
984 1327 1184 1396 asperior
1198 1331 1262 1379 est
1279 1365 1293 1387 ‚
1320 1346 1471 1397 quate

37 1383 51 1416 '³
152 1395 355 1460 indigna
370 1395 504 1446 vobis
516 1395 753 1464 nobisque
768 1400 817 1448 &
830 1397 1021 1464 Repub.
1037 1400 1248 1464 incipitis
1265 1403 1281 1449 ἓ
1299 1406 1471 1464 Atque

152 1477 261 1529 ego,
278 1464 413 1526 cuius
424 1465 551 1514 aetati
562 1479 695 1516 mors
703 1467 892 1532 ptopiot
906 1463 972 1514 est
987 1500 1002 1521 ,
1021 1482 1121 1517 non
1137 1465 1362 1531 deprecor
1375 1497 1390 1520 ‚
1409 1464 1473 1514 fi-

152 1531 279 1599 quid
304 1547 361 1583 ea
380 1530 519 1585 vobis
543 1533 851 1583 incommodi
879 1533 1120 1585 demitut:
1159 1549 1321 1601 neque
1351 1549 1473 1583 mox

43 1586 49 1617 ³
150 1601 371 1666 ingenuo
384 1603 571 1667 corpoti
598 1600 843 1652 honestius
856 1636 871 1657 ,
899 1617 1050 1667 quam
1066 1618 1150 1667 pto
1163 1602 1307 1653 vestra
1321 1598 1480 1652 salute

152 1666 310 1718 finem
322 1670 425 1719 vitae
438 1668 617 1719 feeerit.
653 1666 837 1719 Adsum
852 1683 914 1718 en
927 1674 987 1719 C.
1001 1674 1144 1719 Cotta
1157 1668 1340 1719 Consul
1355 1702 1371 1725 ,
1399 1668 1474 1719 fa-

152 1736 389 1869 5³2³&
401 1733 1260 1870 sfnfsspffffssffispffifflfflnfffiss
1273 1752 1474 1855 ,2322‘2’

138 1873 219 1923 -tis
234 1906 249 1927 ‚
264 1869 629 1939 circumspicite.
661 1876 781 1921 Non
796 1874 946 1921 talem
959 1871 1202 1923 honorem
1217 1872 1373 1923 bonus
1388 1888 1478 1921 ne·

152 1955 247 1989 mo
258 1940 393 1991 volet
406 1972 423 1995 ,
476 1956 599 1991 uum
612 1937 815 1989 fottnnae
832 1972 845 1994 ‚
863 1943 912 1991 &
927 1942 1054 2005 pacis
1067 1972 1084 1995 ,
1099 1944 1148 1991 δι
1163 1939 1281 1991 belli
1295 1940 1354 1991 ab
1370 1941 1478 1993 aliis

150 2009 251 2058 asti
264 2008 383 2061 tatio
394 1955 733 2064 tegdendassut
742 2008 936 2073 turpitet
949 2009 1260 2059 metiendum
1275 2006 1483 2057 fitxran-

146 2075 423 2126 tummodo
437 2076 492 2124 in
507 2076 687 2125 animis
701 2073 1046 2134 habetmqnon
1059 2092 1142 2125 me
1153 2074 1220 2125 ob
1235 2074 1387 2125 scelus
1399 2086 1482 2124 aut

148 2145 408 2195 avatitiam
422 2140 608 2197 casum,
622 2139 700 2193 sed
716 2143 965 2192 volentem
980 2158 1066 2207 pto
1079 2144 1323 2191 maxumis
1333 2140 1482 2191 bene-

149 2210 283 2261 ficiis
297 2210 515 2260 animam
543 2210 679 2260 dono
705 2208 894 2259 dediss'e.
931 2216 1014 2259 Pet
1027 2226 1110 2259 vos
1123 2210 1264 2275 igitur
1278 2242 1292 2263 ‚
1319 2210 1482 2275 Qixi-

148 2293 227 2329 tes
247 2311 264 2335 ,
278 2282 331 2330 δι
348 2278 554 2344 gloriam
568 2279 829 2340 majorum,
843 2278 1039 2326 tolerate
1054 2273 1242 2327 advetsa
1256 2310 1270 2332 ‚
1286 2280 1336 2327 &
1361 2290 1483 2325 con-

150 2345 307 2397 fiilite
322 2343 537 2411 Reipub.
574 2345 737 2395 Multa
755 2360 869 2395 cura
885 2342 1081 2393 summo
1108 2342 1450 2409 impetioinest
1464 2378 1480 2401 ‚

150 2415 314 2467 multi
328 2416 543 2481 ingentes
569 2410 757 2462 labotes
774 2419 804 2459 ε’
826 2426 952 2477 quos
971 2412 1298 2477 nequicquam
1313 2411 1488 2463 abnui-

39 2492 41 2499 '
104 2512 113 2519 ·
150 2485 220 2533 tis
237 2517 253 2539 ‚
286 2485 341 2533 &
356 2482 483 2547 pacis
492 2480 797 2547 opulentiam
810 2479 1015 2545 quaetitis
1031 2496 1044 2525 ι
1065 2494 1178 2529 eum
1195 2494 1365 2527 omnes
1376 2494 1492 2544 prm-

148 2552 350 2608 vinciae,
366 2565 525 2620 tegna,
542 2550 709 2607 maxia,
725 2560 950 2613 textaque
966 2580 981 2603 ,
995 2544 1150 2614 aspera
1160 2560 1243 2599 aut
1258 2543 1372 2597 feffa
1385 2546 1490 2596 bel-

150 2616 355 2677 lisstnt.

848 2686 896 2732 -B
937 2696 971 2737 5
1294 2684 1497 2730 01&ssae
