1718 3157
327 115 392 162 96
697 106 744 152 Ο
783 115 816 148 ιι
855 115 890 148 Α
928 107 965 147 τ’
998 113 1017 146 x
1054 113 1087 148 ο
1122 113 1161 147 κ
1194 118 1226 150 ε.
1258 113 1282 149 s

318 186 470 240 quam
488 165 632 220 nobis
643 184 696 218 ac
711 166 876 217 libetis
888 166 1056 216 nostris
1072 199 1088 222 ,
1115 166 1224 218 fiat?
1253 166 1518 233 fiquidem
1540 185 1667 224 nos
1700 208 1718 230 2

317 255 382 290 ne
397 253 556 304 quum
568 236 816 286 voluetitis
841 235 1046 301 quidem
1061 249 1217 285 create
1243 235 1503 285 intetdum
1528 253 1718 304 pote-

319 309 417 356 titis
430 338 443 361 ,
476 303 585 352 istos
597 306 740 354 etiam
758 301 791 352 fi
808 303 1060 352 nol-texitis
1076 335 1091 357 ,
1119 300 1298 352 neceffe
1314 301 1387 352 fit.
1431 310 1519 354 De
1538 307 1718 358 indi-

319 376 504 442 gnitate
529 367 633 421 satis
645 371 830 420 diatim
845 370 913 419 est
944 371 1159 438 (etenim
1174 370 1388 437 dignitas,
1398 372 1468 420 ad
1484 371 1717 425 homi-

321 457 406 493 nes
419 437 646 510 pettinet')
681 437 800 504 quid
824 437 885 488 de
898 436 1218 503 teligionibus
1232 451 1374 504 atque
1388 437 1665 506 auspiciis
1690 477 1713 500 ,

320 525 428 578 quae
452 507 637 574 propria
649 506 853 555 deorum
880 506 1238 558 immortalium
1251 511 1596 574 contemptio
1614 526 1713 562 at-

362 593 422 628 ue
435 577 611 640 injuria
624 573 706 630 est,
722 575 921 641 loquat?
951 570 1186 640 Auspiciis
1197 573 1318 624 hanc
1338 573 1533 626 utbem
1553 594 1709 630 con-

321 593 472 696 flitam
487 641 594 700 effe,
609 639 826 709 auspiciis
838 639 974 690 beilo
986 656 1038 690 ac
1051 657 1181 708 pace,
1196 641 1335 691 domi
1350 643 1711 713 militiaeque

323 713 494 764 omnia
506 711 602 780 geri
620 744 634 766 ,
648 709 836 776 quisest
851 711 941 775 qui
954 710 1169 775 ignoret?
1196 715 1340 760 Penes
1355 726 1501 778 quos
1520 714 1709 780 igitut

322 779 436 834 sunt
460 778 666 845 auspicia
693 792 833 826 more
855 780 1134 840 majorum?
1172 781 1360 844 Nempe
1384 783 1569 844 penes
1602 801 1707 850 pa-

325 862 432 900 tres.
467 853 596 900 Nam
612 844 828 912 piebeius
841 845 1045 914 quidem
1060 844 1355 911 magisttatus
1374 848 1501 896 null
1508 865 1583 900 us
1598 867 1707 902 au-

325 916 504 987 spicato
517 926 715 964 creatur.
751 911 908 962 Nobis
934 912 1054 962 adeo
1078 914 1263 980 proptia
1276 909 1389 963 sunt
1406 913 1663 982 auspicia
1683 955 1699 978 ,

327 995 384 1036 ‘ut
412 998 513 1032 non
540 980 701 1034 solum
729 995 854 1048 quos
880 981 1089 1047 populus
1103 993 1225 1040 creat
1240 982 1477 1046 patricios
1506 992 1703 1054 magi-

325 1051 517 1106 status,
549 1065 652 1102 non
677 1049 816 1098 aliter
827 1055 980 1114 quam
1007 1046 1241 1114 auspicato
1268 1062 1391 1098 creet
1407 1070 1425 1108 3
1444 1047 1557 1110 -sed
1590 1073 1705 1106 nos

328 1133 532 1192 quoque
557 1115 644 1184 ipsi
671 1113 887 1182 suffragio
910 1117 1079 1182 populi
1105 1113 1343 1180 auspicato
1357 1119 1699 1188 intertegem

327 1189 585 1266 prodamus
603 1219 616 1241 ‚
632 1187 681 1234 &
693 1185 913 1252 privatim
930 1181 1133 1248 auspicia
1147 1181 1434 1242 habeamus,
1500 1205 1587 1244 uz
1604 1191 1699 1241 isti

329 1271 396 1308 ne
419 1259 474 1308 in
505 1251 850 1320 magistratibus
876 1251 1082 1317 quidem
1110 1250 1303 1302 habent.
1336 1253 1447 1318 Qi
1518 1258 1700 1322 igitur

328 1323 463 1376 aliud
475 1339 626 1392 quam
641 1321 770 1370 tollit
786 1334 844 1369 ex
857 1320 1042 1368 civitate
1058 1315 1263 1385 auspicia
1278 1320 1291 1374 ,“
1326 1321 1419 1386 qui
1434 1322 1697 1386 plebeios

327 1389 550 1442 consules
575 1390 814 1455 creando,
844 1385 873 1436 ὃ
900 1385 1135 1451 patribus,
1163 1387 1251 1453 qui
1270 1384 1357 1436 (oli
1383 1404 1445 1438 ea
1476 1389 1697 1446 habete

397 1457 548 1514 flunt,
577 1457 729 1508 aufert
755 1460 770 1505 ξ
820 1454 1029 1505 Eludant
1056 1458 1200 1505 'nunc
1233 1455 1345 1504 licet
1371 1457 1696 1524 religiones,

328 1471 464 1597 ΞΜ
477 1527 610 1575 enim
635 1525 701 1574 est
719 1559 732 1580 ‚
762 1522 797 1572 fi
813 1522 937 1589 pulli
964 1538 1064 1571 non
1078 1520 1353 1589 pastentut?
1380 1523 1420 1572 fi
1439 1541 1507 1574 ex
1524 1542 1696 1583 cavea

271 1618 278 1625 ·
329 1596 507 1657 tardius
519 1595 750 1645 exietint?
767 1589 801 1639 fi
816 1592 1084 1641 occinuerit
1098 1592 1196 1640 avis
1212 1594 1228 1641 ἓ
1245 1598 1381 1641 Parva
1395 1590 1520 1643 suut
1538 1596 1657 1649 haec
1675 1617 1689 1647 :

331 1662 409 1716 sed
422 1679 558 1731 parva
571 1661 654 1712 ista
668 1676 768 1710 non
783 1671 1043 1711 contemne
1050 1659 1148 1709 ndo
1164 1662 1259 1723 maj
1267 1674 1367 1709 oses
1379 1660 1549 1711 nostti
1566 1680 1694 1717 ma.

331 1734 518 1783 ximam
546 1731 672 1779 hanc
699 1744 801 1781 rem
831 1724 1065 1777 fecerunt.
1100 1730 1246 1777 Nunc
1262 1741 1379 1783 nos,
1410 1741 1688 1797 tanquam

331 1803 432 1864 lam
448 1798 574 1847 nihii
601 1812 711 1863 pace
723 1802 937 1846 Deorum
965 1809 1087 1861 opus
1114 1793 1203 1849 fit,
1231 1810 1406 1845 omnes
1434 1810 1693 1851 cetemo-

333 1868 440 1920 nias
493 1867 748 1915 olluimus.
787 1862 943 1929 Vulgo
969 1876 1081 1929 ergo
1108 1861 1385 1927 pontifices,
1418 1878 1686 1931 augmes,

301 1946 308 1953 ’
329 1882 598 1989 ᾖαίἕειὼ,
616 1948 744 1998 teges
760 1943 1004 1981 creentut:
1026 1928 1227 1979 cuilibet
1240 1931 1431 1997 apicem
1445 1931 1681 1995 dialem,

331 2000 608 2051 dommodo
623 1998 778 2049 homo
806 1998 892 2053 fit,
921 1998 1261 2063 imponamus:
1292 1997 1555 2059 “adamus
1583 2020 1687 2055 an..

333 2069 474 2123 cilia,
503 2068 758 2134 penettalia
775 2100 790 2121 ,
821 2073 942 2116 Deos
968 2072 1283 2133 Deciumque
1309 2080 1480 2115 cutam
1500 2102 1519 2124 ,
1556 2074 1683 2136 qui-

333 2136 426 2189 bus
453 2134 584 2186 nefas
610 2134 690 2187 est.
726 2138 843 2184 Non
870 2135 998 2199 leges
1023 2131 1265 2201 auspicato
1280 2132 1495 2185 ferantut
1512 2171 1531 2193 ,
1566 2155 1681 2193 non

243 2222 246 2227 ’
335 2204 632 2275 magistratus
647 2213 861 2251 creentur
880 2234 893 2257 ‚
934 2215 1023 2251 nec
1047 2202 1318 2251 centuriatis
1335 2204 1569 2255 comitiis
1594 2223 1683 2273 pa-

331 2288 428 2326 tres
453 2274 665 2323 auetotes
691 2268 835 2322 fiant:
878 2270 1064 2318 Sextius
1089 2272 1137 2319 &
1168 2270 1383 2320 Licinius
1412 2284 1677 2341 tanquam

332 2342 583 2393 Romulus
595 2355 648 2389 ac
659 2339 826 2389 Tatius
850 2336 905 2385 in
921 2334 1037 2385 utbe
1050 2339 1277 2387 Romana
1291 2352 1492 2403 regnent
1508 2374 1525 2397 ‚
1546 2343 1677 2407 quia

333 2411 563 2470 pecunias
589 2408 770 2458 alienas
797 2436 812 2457 ,
853 2404 973 2469 quia
994 2418 1131 2469 agros
1156 2403 1288 2453 dono
1316 2405 1451 2455 dant.
1500 2413 1674 2459 Tanta

333 2472 544 2519 dulcedo
571 2471 637 2519 est
661 2486 720 2520 ex
744 2470 915 2519 alienis
940 2469 1147 2519 fortunis
1172 2471 1407 2535 pxaedandi
1435 2490 1449 2521 ε
1486 2479 1673 2525 necin

334 2548 554 2583 mentem
567 2539 726 2592 venit,
759 2538 905 2587 alteia
930 2536 1035 2603 lege
1058 2534 1348 2588 solitudines
1374 2539 1528 2598 vastas
1543 2545 1605 2593 in
1619 2560 1673 2593 a·

335 2599 430 2661 gris
455 2598 556 2647 fieri
583 2602 809 2665 pellendo
837 2601 1021 2653 finibus
1046 2604 1306 2654 dominost
1334 2606 1482 2657 altera
1509 2609 1673 2661 fidem

333 2661 548 2727 abtogati
576 2694 592 2719 .
633 2680 748 2717 cum
778 2684 881 2734 qua
902 2672 1065 2725 omnis
1088 2670 1305 2727 humana
1334 2670 1537 2727 societas
1570 2680 1672 2728 tol-

1526 2746 1669 2797 litut.
