1718 3157
216 159 223 170 .
271 134 331 175 3·
638 122 687 170 Ο
722 135 758 169 ιι
795 133 827 168 Α
867 133 900 166 τ
941 135 960 169 r
999 131 1033 166 o
1071 133 1110 168 ir
1147 131 1179 166 ι
1212 133 1235 169 s

260 185 630 252 prolatandum,
670 201 831 252 neque
859 187 981 236 votis
1006 186 1212 250 paranda
1240 184 1458 242 amnia,
1497 184 1594 238 nifi

262 252 385 304 forte
396 253 585 320 speratis
600 269 681 320 per
695 254 889 304 raedium
903 257 1002 314 jam
1019 267 1101 304 aut
1124 253 1360 319 pudorem
1375 256 1598 318 tyranni-

205 362 211 367 .
260 321 336 370 dis
348 355 363 378 ,
378 321 470 372 effe
481 337 599 370 eum
612 338 693 388 per
704 321 848 372 scelus
859 333 1088 386 occupata
1101 321 1410 388 periculofius
1421 320 1598 372 dimis-

260 385 443 440 surum.
470 391 632 440 Atille
645 405 705 440 eo
719 386 951 455 processit,
969 391 1040 439 uti
1055 387 1179 439 nihil
1191 387 1481 456 gloriosum,
1501 390 1596 440 nifi

262 468 454 512 tutum,
491 460 542 508 &
566 460 737 507 omnia
764 457 1022 506 retinenda
1050 457 1401 507 dominationis
1433 457 1596 506 hone-

262 522 333 576 sta
346 527 616 574 existumet.
653 531 819 592 Itaque
832 526 919 574 illa
944 525 1085 590 quies
1099 559 1114 581 ,
1152 528 1202 575 δι
1216 527 1378 574 otium
1393 541 1519 576 cum
1533 527 1597 574 li·

263 589 469 648 bertate,
508 608 614 659 quae
649 593 794 643 multi
826 591 962 657 probi
996 593 1158 660 potius
1219 608 1332 643 uam
1359 591 1594 643 laborem

265 672 383 708 cum
398 659 663 710 honoribus
674 658 967 726 capessebant
983 694 997 716 ,
1036 661 1172 710 nulla
1207 674 1307 710 unt.
1343 665 1452 708 Hac
1463 673 1596 710 tern-

266 725 440 791 pestate
466 725 765 778 serviendum
796 741 880 776 aut
901 727 1307 793 imperitandum:
1337 725 1599 779 habendus

266 807 427 844 metus
450 793 517 844 est
552 809 638 844 aut
652 794 898 846 faciendus
913 830 928 851 ,
963 796 1190 861 Quirites.
1228 799 1355 846 Nam
1369 797 1502 860 quid
1525 797 1598 846 ul-

266 872 335 910 tra
348 867 365 913 ξ
382 878 546 929 quaeve
560 861 776 912 humana
790 859 837 911 su
844 877 1006 928 perant
1020 897 1034 918 ,
1049 875 1132 912 aut
1150 863 1310 912 divina
1327 864 1598 928 impolluta

267 924 411 980 sunt?
438 932 649 994 Populus
666 935 921 982 Romanus
949 931 1096 996 paulo
1121 943 1232 980 ante
1244 931 1469 996 gentium
1486 947 1600 982 rno-

265 995 453 1046 derator
467 1031 481 1051 ,
496 1011 665 1046 exutus
678 999 886 1065 imperio
900 1033 914 1054 ,
930 1000 1082 1064 gloria
1097 1031 1110 1054 ,
1127 1001 1230 1062 jure
1244 1031 1258 1052 ‚
1285 999 1508 1064 agitandi
1522 1003 1600 1049 in·

266 1078 353 1127 ops
368 1097 383 1119 ‚
397 1062 733 1132 despectusque
746 1101 761 1122 ,
779 1081 841 1114 ne
856 1064 1040 1115 {ervilia
1052 1065 1254 1131 quidem
1270 1065 1512 1116 alimenta
1527 1083 1600 1118 re-

262 1132 404 1198 liqua
418 1133 575 1182 habet.
610 1135 863 1183 Sociorum
877 1135 927 1182 &
943 1135 1067 1182 Latii
1081 1149 1251 1200 magna
1263 1133 1335 1183 vis
1351 1166 1366 1187 2
1399 1136 1598 1187 civitate

264 1214 352 1265 prp
367 1202 535 1250 multis
550 1203 599 1250 &
615 1204 808 1269 egregiis
820 1201 956 1252 factis
969 1200 994 1247 a
1009 1199 1149 1250 vobis
1161 1199 1265 1250 data
1282 1235 1297 1257 ,
1328 1215 1415 1268 per
1431 1218 1597 1253 unum

264 1267 605 1332 prohibentur:
636 1271 683 1318 ὅ(
702 1269 853 1334 plebis
882 1271 1091 1318 innoxiae
1115 1270 1285 1335 patrias
1295 1264 1428 1318 sedes
1449 1285 1600 1320 occu·

264 1337 430 1399 pavere
459 1339 597 1402 pauci
624 1334 841 1388 satellites
859 1371 874 1393 ,
910 1336 1182 1386 mercedem
1211 1333 1463 1386 stelerum.
1505 1343 1600 1388 Le·

264 1419 357 1468 ges,
378 1405 571 1464 judicia,
588 1407 1392 1474 ararium,provinciae‚reges‚penes
1409 1419 1597 1462 unum,

264 1469 484 1536 denique
510 1473 638 1521 necis
662 1475 845 1522 civium
878 1473 1265 1523 &viraelicentia.
1303 1473 1468 1521 slmul
1496 1471 1595 1523 hu·

266 1553 437 1589 manas
452 1537 628 1591 hostias
641 1541 835 1597 vidistis,
850 1544 900 1592 δι
916 1538 1158 1607 sepulchra
1170 1537 1344 1589 infecta
1362 1537 1404 1589 sa
1412 1543 1600 1607 nguine

268 1607 417 1656 civili.
454 1608 591 1657 Estne
609 1610 718 1661 viris
733 1611 908 1677 reliqui
921 1609 1055 1658 aliud
1085 1622 1236 1675 quam
1258 1604 1445 1657 solvere
1463 1611 1600 1671 inju-

268 1675 424 1731 riam,
454 1690 538 1726 aut
566 1679 691 1727 mori
722 1692 801 1741 per
824 1680 1084 1728 virtutem?
1116 1676 1373 1740 Qoniam
1427 1676 1600 1725 uidem

269 1757 430 1793 unum
446 1742 676 1794 omnibus
689 1744 839 1795 finem
853 1758 1021 1793 natura
1035 1744 1112 1792 vel
1126 1740 1248 1793 ferro
1262 1738 1398 1807 septis
1453 1746 1600 1797 aruit:

269 1826 432 1875 neque
446 1810 705 1878 quisquam
720 1826 982 1861 extremam
996 1806 1311 1861 neceffitatem
1328 1843 1342 1864 ‚
1365 1810 1494 1859 nihil
1513 1828 1604 1861 am

265 1876 345 1929 sus
359 1911 374 1933 ‚
395 1878 484 1925 nifi
500 1878 729 1929 muliebri
744 1880 938 1945 ingenio
953 1880 1178 1943 expeaat.
1214 1884 1393 1927 Verum
1419 1894 1516 1946 ego
1532 1877 1606 1929 st·

266 1942 495 2000 ditiosus,
524 1949 591 1995 uti
619 1949 753 1996 Sulla
768 1949 862 2001 ait,
894 1948 980 2013 qui
1001 1945 1190 2010 praemia
1205 1944 1461 1995 turbarum
1475 1962 1604 2013 quo-

264 2030 371 2065 ror:
388 2015 438 2063 &
455 2012 643 2063 bellum
659 2015 855 2078 cupiens
872 2047 884 2067 ‚
901 2016 1017 2080 quia
1034 2018 1133 2073 jura
1145 2016 1267 2079 pacis
1279 2026 1461 2080 repeto.
1495 2018 1602 2065 Sci-

263 2084 378 2132 licet
391 2114 405 2136 ,
422 2081 538 2148 quia
552 2098 651 2131 non
668 2084 805 2129 aliter
819 2078 934 2131 salvi
950 2114 964 2136 ,
993 2078 1196 2147 satisque
1209 2082 1300 2130 tuti
1314 2082 1367 2129 in
1381 2083 1458 2129 im
1549 2086 1602 2133 io

258 2152 395 2200 {ritis
415 2184 429 2206 ,
459 2148 548 2199 nifi
563 2152 747 2198 Vettius
763 2147 926 2198 Picens
939 2182 952 2205 ,
968 2146 1114 2197 scriba
1127 2149 1386 2197 cornelius
1402 2182 1416 2203 ‚
1435 2166 1464 2197 a
1489 2152 1605 2200 iena

266 2216 393 2268 bene
410 2230 564 2285 parata
576 2218 878 2284 prodegerint
895 2233 908 2263 ε
941 2215 1028 2265 nifi
1044 2215 1406 2281 approbaveritis
1417 2231 1604 2268 omnes

265 2284 630 2353 proscriptiones
658 2286 974 2335 innoxiorum
1001 2281 1067 2331 ob
1097 2283 1319 2332 divitiasz
1355 2286 1604 2335 cruciatus

265 2355 483 2403 virorum
513 2351 775 2402 illustrium
793 2350 1012 2405 ‚'vastam
1045 2348 1214 2399 urbem
1239 2348 1352 2415 fuga
1378 2352 1430 2400 δι
1458 2353 1605 2402 cadi-

266 2419 389 2476 bus,
417 2420 548 2469 bona
574 2421 754 2467 civium
781 2416 1066 2467 mistrorum
1089 2450 1104 2471 ,
1140 2414 1274 2486 quasi
1289 2416 1604 2469 Cimbricam

301 2487 488 2540 radam,
505 2501 711 2540 vaenum,
727 2499 808 2535 aut
823 2486 958 2535 dono
972 2483 1152 2533 datam.
1191 2491 1254 2533 At
1269 2481 1485 2546 objestat
1499 2489 1606 2537 mi-

261 2504 635 2621 {ipoffeffiones
659 2570 717 2602 ex
743 2552 885 2601 bonis
898 2548 1260 2619 proscriptorum
1280 2567 1293 2597 ε
1326 2552 1466 2617 quod
1479 2558 1602 2621 qui-

269 2624 386 2673 dem
414 2619 644 2669 scelerum
661 2621 797 2667 illius
820 2621 899 2668 vel
915 2634 1205 2668 maxumum
1220 2618 1286 2667 est
1302 2651 1316 2671 ‚
1347 2634 1454 2667 non
1469 2634 1562 2671 me
1578 2657 1595 2677 ,

274 2702 438 2759 neque
464 2700 751 2754 quenquam
775 2688 1011 2738 omnium
1037 2683 1144 2737 fitis
1167 2698 1331 2738 tutum
1343 2682 1487 2737 fuisse
1506 2719 1521 2741 ‚
1559 2688 1602 2739 fi

1461 2755 1600 2809 reae
