1718 3157
301 88 1069 143 nx‘LtviocothcrAE.
1278 96 1375 151 167

356 218 413 275 0
497 218 549 275 R
609 205 698 275 ‘A'
757 216 820 271 T
902 218 932 271 1
1021 216 1078 270 o

178 321 240 368 ·H
340 322 387 369 A
490 321 538 367 N
639 321 688 367 N
792 316 879 365 0¹
942 319 993 365 N
1090 316 1113 363 1
1217 317 1247 364 S

406 386 680 435 Himilconi
694 379 1047 449 respondentis.

60 511 146 603 T
163 508 211 555 A
227 519 258 553 c
279 516 313 554 υ
332 517 352 551 1
369 519 392 553 s
411 516 433 551 s
453 519 484 552 ε.
500 517 542 551 u
572 500 739 559 hodie,
755 515 939 557 1³.c.,ne
952 498 1141 566 quidin
1156 512 1386 553 commu·

16 628 18 635 ,
163 574 220 622 ni
247 572 481 621 omnium
505 571 684 637 gaudio
699 604 716 626 ‚
744 570 912 619 minus
936 569 1099 618 laetum
1112 568 1249 635 quod
1274 564 1387 619 effet

16 682 19 691 .
62 639 220 697 vobis,
233 640 488 707 loque1e13
504 653 638 689 nunc
646 639 975 703 intetxogante
986 632 1215 693 senatote,
1346 636 1390 677 ‘-

16 750 19 771 ,
63 722 225 761 teatne
240 723 321 760 me
335 706 490 757 adhuc
517 703 711 771 suscepti
735 702 952 755 advetsus
967 710 1221 755 Romanos
1236 652 1295 755 Ε
1339 707 1347 714 ’
1366 722 1387 763 3

67 776 106 828 fi
124 778 364 831 reticeam,
382 788 464 825 aut
474 770 702 841 supetbus
715 786 798 823 aut
808 771 1055 823 obnoxius
1067 772 1244 822 videat:
1259 788 1391 839 quo·
1472 824 1485 829 ,

68 861 179 895 tum
204 844 414 893 alterum
440 842 508 893 est
533 842 755 892 hominis
781 842 951 889 alienae
964 837 1199 890 libertatis
1209 839 1388 900 obliti3

16 954 20 981 ;
61 914 273 971 ,alterum
298 910 401 961 suae.
437 906 936 975 Respondeamigitm
948 909 1223 958 Himilconi
1240 941 1255 964 ‚
1283 924 1391 959 non

68 976 510 1043 defiiffepoenitete
536 992 619 1027 me
646 975 798 1030 belli,
825 992 987 1042 neque
1000 974 1263 1027 desiturum
1279 989 1393 1027 ante

16 1046 19 1051 ’
69 1048 314 1098 ἰηνὶίὶιιαι
341 1044 561 1095 nostxum
583 1046 926 1109 impetatotem
956 1040 1195 1101 incufixe,
1236 1059 1395 1111 quam

69 1115 276 1166 finitum
298 1114 466 1178 aliqua
487 1108 730 1161 tolerabili
760 1111 1041 1161 conditione
1052 1110 1245 1161 bellum
1260 1112 1394 1163 vide-

69 1198 128 1232 ro
143 1200 158 1230 ε
195 1186 302 1233 Nec
325 1178 453 1229 mihi
479 1180 606 1243 pacis
631 1179 840 1244 antiquae
852 1176 1141 1227 defidetium
1172 1180 1274 1229 ulla
1298 1180 1395 1229 alia

16 1246 18 1303 Ϊ
69 1266 150 1299 xes
174 1263 328 1315 quam
354 1262 446 1312 pax
471 1260 600 1297 nova
624 1243 779 1295 finiet.
813 1250 987 1311 Itaque
1016 1244 1101 1295 ista
1126 1261 1231 1311 quae
1245 1244 1399 1297 modo

16 1316 20 1323 '
75 1324 232 1383 Mago
257 1315 468 1379 jactavit,
496 1313 770 1363 Himilconi
791 1310 1055 1379 caetexisque
1067 1310 1401 1363 Annibalissz·

71 1382 312 1434 tellitibus
326 1394 427 1431 tam
440 1382 544 1431 laeta
557 1377 684 1443 sunt3
697 1379 821 1429 mihi
833 1377 1027 1447 possunt
1041 1381 1139 1431 laeta
1152 1378 1261 1439 eisc,
1278 1382 1396 1448 quia

75 1468 148 1503 tes
175 1450 310 1501 bello
336 1448 465 1499 bene
489 1448 652 1515 gestae,
679 1446 955 1500 fivolumus
968 1446 1163 1499 fottuna
1188 1445 1287 1506 uti,
1314 1464 1399 1515 pa-

41 1518 46 1523 ’
75 1534 188 1570 cem
219 1515 365 1568 nobis
389 1519 650 1584 aequiotem
665 1515 875 1567 dabunt:
908 1530 1023 1566 nam
1037 1515 1069 1565 fi
1085 1517 1401 1586 ptaetetmitti-

73 1603 193 1640 mus
216 1587 313 1638 hoc
340 1599 530 1650 tempus
545 1619 560 1641 ,
591 1601 692 1652 quo
709 1587 858 1651 magis
883 1585 992 1635 date
1019 1600 1173 1651 quam
1187 1587 1401 1650 accipete

79 1653 330 1722 possumus
341 1653 494 1704 videti
506 1667 674 1718 pacem
689 1685 706 1708 ,
735 1667 900 1702 vexeot
912 1668 975 1702 ne
996 1652 1093 1702 haec
1106 1669 1311 1721 quoque
1323 1654 1403 1704 12-

80 1726 180 1774 titia
207 1723 426 1774 luxuriet
450 1719 593 1772 nobis
609 1753 625 1777 ‚-
649 1737 702 1770 ac
728 1735 848 1770 vana
875 1719 1053 1771 evadat.
1088 1726 1207 1787 Qae
1232 1735 1403 1772 tamen

87 1807 216 1842 nune
229 1805 438 1857 quoque
451 1789 611 1856 qualis
623 1787 690 1838 est
706 1791 722 1837 ἔ
741 1788 911 1840 Occidi
923 1791 1153 1840 exercitus
1165 1789 1401 1849 hostium3

84 1861 264 1910 mittite
277 1860 457 1908 milites
471 1855 609 1906 mihi.
631 1855 752 1922 quid
764 1855 897 1906 aliud
910 1871 1095 1923 rogares
1108 1891 1123 1914 ‚
1150 1856 1189 1908 s1
1201 1855 1314 1910 effes
1327 1859 1407 1910 vi·-

87 1929 184 1978 &us
202 1932 220 1977 ἓ
245 1925 474 1980 Hostium
485 1926 589 1990 cepi
599 1923 720 1974 bina
731 1922 891 1980 castra,
904 1924 1058 1990 ptaedae
1071 1925 1291 1976 videlicet
1305 1928 1407 1992 ple-

86 2011 145 2046 na
158 1998 212 2046 &c
224 2005 598 2044 commeatuum
614 2012 630 2052 ς
663 1990 972 2042 frumentum
986 1995 1037 2044 δε
1053 1995 1307 2058 pecuniam
1320 1995 1407 2045 da-

87 2076 148 2113 te.
163 2062 292 2131 quid
304 2060 453 2115 aliud,
471 2059 506 2110 fi
520 2058 760 2126 spoliatus,
776 2058 812 2108 fi
827 2074 997 2110 exutus
1012 2061 1167 2111 castris
1180 2057 1307 2118 ess’es,
1325 2054 1433 2126 pe-'

87 2143 205 2182 tetes
223 2134 240 2178 ἓ
259 2135 315 2180 Et
329 2130 570 2180 neomnia
582 2127 680 2193 ipse
693 2129 838 2176 mitet
856 2127 1004 2192 (mihi
1019 2143 1222 2195 quoque
1237 2132 1373 2177 enim
1389 2162 1407 2186 ‚

91 2200 338 2265 quoniam
361 2194 582 2262 :espondi
595 2195 899 2249 Himilconi,
924 2198 1212 2260 intextogate
1235 2198 1309 2257 jus
1321 2192 1412 2244 fas-

94 2280 196 2333 que
209 2265 277 2315 est
291 2264 308 2328 )
323 2285 338 2325 3
357 2266 510 2316 velim
523 2261 604 2314 seu
613 2263 832 2312 Himilco
847 2260 933 2312 seu
944 2265 1092 2327 Mago
1102 2259 1379 2326 respondeat
1394 2278 1411 2312 t

96 2349 262 2401 quum
287 2333 346 2382 ad
371 2333 758 2382 internecionem
771 2330 989 2378 Romani
1019 2331 1211 2393 imperii
1235 2345 1417 2396 pugna.

96 2414 206 2452 tum
235 2400 296 2450 ad
319 2405 512 2450 Cannas
535 2397 592 2448 fit
609 2432 624 2454 ‚
653 2396 933 2464 constetque
962 2397 1017 2446 in
1041 2393 1314 2448 defectione
1342 2413 1418 2450 to.

95 2483 200 2519 tam
215 2470 407 2518 Italiam
435 2465 554 2525 esse3
583 2467 798 2531 pximum
824 2465 991 2531 ecquis
1013 2465 1175 2514 Latini
1200 2469 1421 2520 nominis

103 2538 314 2602 populus
325 2534 550 2586 defecerit
560 2533 618 2584 ad
634 2537 752 2583 nos?
780 2531 955 2583 deinde
969 2535 1133 2597 ecquis
1145 2530 1298 2586 homo
1312 2569 1328 2592 ‚
1358 2551 1421 2588 ex

105 2607 333 2672 quinque
347 2607 398 2654 &
408 2603 602 2668 ttiginta
615 2599 833 2650 tribubus
847 2634 863 2656 ,
891 2599 951 2649 ad
964 2598 1263 2652 Annibalem
1274 2617 1423 2654 trans-

109 2673 284 2740 fugait
307 2677 333 2724 ,ξ
373 2675 524 2738 Quam
548 2683 768 2737 utrumque
780 2673 918 2734 Mago
943 2669 1119 2735 negaffit
1144 2685 1159 2718 ε
1195 2669 1423 2724 Hostium

562 2751 566 2757 .
1313 2750 1431 2802 qm-
