1718 3157
33 8 361 19 -u--—-——v-
552 10 557 12 -
780 10 811 13 -—
858 8 968 15 -**---
999 10 1028 12 -—
1175 10 1264 15 ----—
1315 8 1344 12 *-

396 98 524 165 15⁵1
568 112 681 162 mr
724 120 768 163 A
821 120 861 163 τ
904 122 1063 163 xo.·

69 204 329 271 Ecclesiam
362 201 512 281 snam
543 200 910 287 colligendam
932 245 947 273 ,
984 198 1262 261 incolume
1278 196 1381 263 efle

77 292 204 349 vellet
217 333 234 358 ‚
259 310 355 347 eos
374 284 631 345 homines
649 286 942 353 excitavit,
960 286 1053 369 qui
1066 284 1387 373 gravissunis

70 372 384 455 temporibus
412 369 515 430 suis
540 370 854 432 civitatibus
882 372 1015 451 saepe
1039 372 1261 431 salutem
1290 392 1383 451 pc-

64 476 316 540 pererunt.
362 453 598 531 Per‘hos
612 448 715 515 effi:
747 455 952 515 sedatos
967 454 1233 517 maximos
1251 476 1377 515 mo-

63 564 155 613 tus,
195 541 507 602 concitatos
520 540 586 598 ad
599 538 818 600 salutern
851 539 1257 621 recuperandam
1275 539 1383 599 ho-

62 629 216 691 mines
227 623 592 706 desperatione
605 624 870 703 perculsos
888 668 905 695 ‚
936 621 1198 694 defensam
1216 622 1385 703 aequi·

61 730 210 770 tatem
233 710 292 770 in
319 708 538 777 senatu,
581 707 639 767 in
670 706 942 767 concione
969 708 1190 791 populi,
1220 709 1277 767 in
1293 710 1381 783 ju·-

59 794 206 853 diciie
229 810 458 853 conatus
490 790 870 873 improborum
900 782 1157 873 repreffos
1175 832 1193 860 ‚
1232 790 1381 877 leges

55 873 305 961 pestiferas
333 876 624 966 abrogatas
641 918 660 947 ,
705 874 863 935 utiles
880 897 1009 938 vero
1034 872 1381 937 confirmatas

55 970 102 1021 ὃ(
113 960 429 1021 constitutas
443 959 706 1019 vldernut.
745 964 895 1021 Nam
912 962 1056 1039 quod
1069 960 1251 1019 eadem
1266 956 1383 1022 haec

49 1044 304 1125 fipientiae
319 1044 677 1103 instrumenta
701 1039 890 1103 nefarii
904 1043 1152 1105 homines
1178 1042 1245 1101 ad
1259 1063 1383 1124 per-

51 1130 241 1189 niciem
271 1129 360 1190 vel
392 1126 682 1188 civitatum
717 1128 805 1188 vel
834 1128 1169 1213 {iugulorum
1194 1125 1383 1187 homi·-

57 1235 170 1273 num
203 1211 339 1293 saepe
367 1228 754 1272 converterunt
787 1256 806 1283 ,
863 1212 1059 1273 vitium
1090 1210 1379 1272 hominum

50 1290 195 1357 fuiffe
224 1294 400 1357 intelli
447 1296 588 1356 imus
607 1341 622 1367 ,
663 1316 776 1355 non
803 1317 989 1357 rerum
1005 1318 1026 1373 z,
1062 1303 1115 1357 &
1144 1316 1245 1355 nos
1259 1314 1378 1377 quae

57 1381 300 1452 dicimuS,
312 1380 380 1439 de
392 1318 642 1459 {pientia
654 1378 862 1455 diserta,
874 1402 992 1441 non
1005 1380 1072 1439 de
1086 1378 1237 1441 inani
1248 1400 1379 1465 gar-

51 1466 251 1525 rulitate
293 1463 552 1524 dicimus.
605 1470 794 1546 Itaque
837 1465 957 1545 quis
995 1463 1205 1525 dubitet
1244 1463 1377 1543 quin

51 1548 146 1610 hoc
187 1566 442 1632 tempore
494 1548 683 1608 nostris
725 1548 1130 1630 Rebuspublicis
1176 1547 1375 1612 eaedem

51 1632 351 1694 illm-animi
383 1631 546 1692 dotes
573 1633 734 1694 decus
765 1641 820 1693 &
864 1633 1163 1714 praefidium
1186 1625 1388 1698 afferte
1451 1631 1465 1645 ⁶

54 1721 228 1798 poffint
259 1760 276 1786 ,
319 1716 560 1776 maxime
575 1738 717 1778 ,vero
741 1717 922 1777 liberis
953 1731 973 1776 ἒ
1007 1723 1196 1798 Neque
1224 1716 1375 1778 enim

57 1801 142 1862 hoc
171 1803 306 1861 loco
340 1799 406 1859 de
434 1799 704 1871 eaufidieis
731 1810 784 1862 δι
813 1800 1067 1889 litigiofis
1097 1801 1365 1871 dicimur,

52 1906 264 1965 quorum
283 1905 371 1943 ars
391 1928 406 1953 ‚
440 1883 581 1964 (iqua
596 1885 668 1942 est
685 1927 700 1954 ‚
731 1884 850 1944 aliis
870 1885 1145 1966 praeceptis
1160 1885 1233 1944 est
1247 1905 1372 1944 mu-

50 1969 250 2030 nienda:
287 1968 375 2028 sed
390 1968 457 2028 de
471 1967 756 2028 civitatum
774 1969 1228 2029 moderatoribus.
1264 1968 1373 2030 His

49 2075 210 2114 rerum
251 2051 762 2146 cognoscendarum
818 2069 975 2132 atque
1028 2053 1371 2114 dicendarum

51 2140 246 2221 copiam
292 2135 522 2194 historia
551 2179 568 2206 ‚
639 2136 944 2211 conjunctis
996 2137 1338 2198 orationibus
1356 2179 1373 2206 ‚

51 2225 198 2300 potest
227 2219 579 2303 suppeditare.
622 2223 755 2301 Qo
786 2222 965 2307 magis
985 2220 1159 2280 miror
1180 2265 1197 2289 ,
1238 2219 1371 2291 adeo

51 2307 381 2393 negligenter
396 2325 480 2363 eas
497 2321 632 2362 artes
649 2304 677 2360 εὶ
713 2306 905 2364 nostris
935 2303 1251 2364 hominibus
1266 2325 1367 2364 co-

49 2387 90 2445 li.
131 2398 282 2452 Nam
303 2389 434 2447 licet
449 2386 590 2445 aliud
608 2387 667 2446 fit
682 2388 810 2471 saepe
827 2388 1159 2470 Reipublicae
1173 2410 1373 2474 genus,

49 2474 118 2532 alii
131 2489 334 2534 mores·
351 2481 404 2532 3<
423 2470 702 2552 disciplina
729 2473 997 2532 civitatis:
1030 2490 1209 2534 tamen
1228 2475 1373 2534 mul-

51 2573 88 2611 ta
101 2555 430 2639 suntquaein
464 2556 641 2614 senatu
678 2575 766 2616 aut
798 2557 854 2614 in
886 2555 1159 2616 concione
1185 2555 1373 2649 pogyli

51 2641 386 2704 confimiliter
415 2637 666 2723 agitanda
692 2639 822 2711 sint,
858 2638 943 2704 seu
972 2641 1116 2725 leges
1146 2634 1375 2776 feriindae

1271 2737 1357 2786 nt,
1404 2752 1410 2759 ·
