1718 3157
310 69 429 111 226·
698 67 1291 112 ΟιιΑτιοκεε

314 130 444 180 intes
460 125 505 180 se
526 126 840 195 singularum,
854 129 1055 197 quando
1066 131 1204 180 nulla
1217 127 1422 184 haberet,
1437 125 1532 178 effe
1547 128 1639 178 aie-

322 195 425 246 bat.
462 203 545 251 At,
560 197 788 254 Hercule,
806 197 1036 248 univerfis
1049 197 1192 247 dolor
1205 196 1536 261 &indignatio
1549 196 1618 246 est
1627 231 1648 254 r

322 279 484 330 quum
499 261 741 316 sociorum
756 265 916 315 Letini
931 266 1148 315 nominis
1174 263 1401 316 uxoribus
1413 265 1584 314 vident
1595 279 1650 314 α
1699 309 1701 312 ⁴

316 329 539 383 concess'a
549 347 827 384 ornamenta
842 367 855 389 ‚
876 349 983 398 quae
995 331 1085 382 fibi
1097 333 1321 397 adempta
1335 330 1428 380 fint
1446 349 1460 379 z
1490 347 1648 398 quum

322 397 533 466 infignes
544 417 621 452 eas
634 397 725 451 effe
736 417 851 452 auto
863 403 911 450 ὃς
926 416 1310 467 purpura‚quum
1323 400 1434 448 illas
1445 399 1651 465 adripe:

326 465 500 517 urbem
518 500 532 523 ,
551 465 595 518 fi:
612 467 815 534 pedibus
826 465 963 536 sequi
981 484 993 515 :
1009 483 1090 518 mn
1130 485 1242 518 uam
1254 470 1308 516 in
1322 467 1526 516 illarum
1543 469 1656 518 civi-

326 533 505 584 tatibus
518 538 687 586 nonin
703 533 787 586 sua
812 538 1078 602 imperium
1130 550 1164 586 t.
1201 537 1430 585 virorum
1443 535 1544 584 hoc
1557 537 1658 584 ani-

326 615 438 654 mos
463 605 715 654 vulnerare
739 601 886 670 posset
901 621 915 654 ε
943 604 1066 671 quid
1078 604 1482 654 muliercularum
1497 599 1657 652 cense-

328 668 392 720 tis
409 705 425 728 ‚
461 687 581 738 quas
595 673 740 722 etiam
767 687 906 737 parva
923 675 1156 722 movent?
1193 677 1310 722 Non
1325 669 1626 736 magistratus
1641 703 1656 725 2

332 753 424 788 uec
438 735 709 796 sacerdotia,
725 755 812 790 nec
829 741 1068 806 triumphi
1082 773 1096 796 ,
1124 755 1212 790 nec
1225 737 1316 790 infi
1383 740 1448 795 ia,
1468 755 1562 788 nec
1575 739 1659 788 do-

332 821 399 854 na
410 821 493 858 aut
506 803 655 871 spolia
669 806 841 857 bel-lica
855 807 930 858 his
941 810 1215 872 contingere
1229 823 1293 872 po
1333 817 1436 855 unt.
1452 806 1660 856 Mundi-

330 872 414 922 ciae
427 877 477 924 δι
488 887 685 925 ornatus
698 909 711 930 ,
730 879 781 926 δι
794 877 951 926 cultus
963 908 977 931 ,
1009 877 1104 926 haec
1115 875 1437 930 foeminarum
1455 873 1661 940 insignia

331 937 472 991 sunt:
502 940 576 992 his
604 943 818 1008 gaudent
846 946 898 995 &
917 944 1188 1009 glutiantur
1201 977 1216 999 ‚
1251 943 1384 994 hunc
1405 943 1662 992 muudum

332 1007 631 1059 muliebrem
647 1011 945 1076 appellarunt
958 1013 1160 1076 majores
1170 1009 1338 1060 nostri.
1373 1009 1512 1077 Qid
1525 1009 1662 1060 aliud

333 1075 389 1124 in
404 1076 559 1134 lustu,
574 1093 727 1144 quam
743 1094 1002 1144 purpuram
1019 1092 1167 1146 atque
1179 1093 1352 1128 aurum
1367 1076 1624 1142 deponunt
1639 1083 1660 1126 Ξ

334 1145 461 1210 quid
480 1180 500 1200 ,
512 1161 670 1212 quum
687 1147 940 1196 eluxerunt
955 1180 969 1202 ‚
996 1145 1230 1198 sumunt?
1256 1145 1377 1210 quid
1389 1147 1442 1193 in
1455 1147 1661 1212 gratula-

335 1211 553 1264 tionibus
563 1203 1086 1281 supplicationibusque
1101 1249 1115 1271 ‚
1145 1209 1234 1262 nifi
1261 1213 1661 1262 excellentiorem

338 1295 567 1332 ornatum
582 1283 813 1345 adjiciunt
828 1285 843 1330 ἰ
866 1282 1052 1332 Scilicet
1065 1281 1101 1331 fi
1114 1283 1271 1347 legem
1291 1281 1504 1347 Oppiam
1521 1279 1662 1332 abro-

338 1351 556 1413 gavetitis
566 1382 582 1405 ,
609 1365 710 1399 non
725 1349 858 1400 vestri
873 1347 1051 1400 arbitrii
1064 1351 1178 1404 erit,
1205 1347 1377 1415 fiquid
1386 1351 1495 1411 eius
1507 1362 1662 1399 vetate

340 1418 589 1466 volueritis
604 1449 617 1471 ,
633 1417 769 1480 quod
785 1433 918 1466 nunc
932 1418 1012 1468 lex
1021 1430 1145 1467 vetat
1158 1437 1174 1475 3
1190 1417 1354 1466 minus
1365 1413 1479 1464 filiae
1491 1447 1508 1470 ,
1541 1432 1663 1466 uxo-

338 1497 416 1532 res
429 1515 443 1536 ‚
460 1481 637 1534 sorores
648 1485 795 1532 etiam
810 1482 1102 1550 quibusdam
1116 1487 1169 1534 in
1184 1499 1336 1534 manu
1349 1497 1508 1533 erunt-
1519 1488 1667 1534 Nun..

339 1565 492 1617 quam
504 1547 637 1602 silvis
648 1546 743 1601 suis
754 1553 947 1603 exuitur.
969 1551 1162 1603 servitus
1177 1550 1429 1602 muliebris
1445 1571 1462 1614 3
1492 1553 1544 1601 &
1561 1549 1665 1619 ipsae

337 1616 628 1675 libertatem,
647 1635 798 1685 quam
810 1620 1017 1671 viduitas
1029 1624 1078 1671 δε
1090 1620 1269 1670 orbitas
1280 1619 1408 1676 facit,
1427 1619 1668 1670 detestan-

342 1702 438 1736 tur.
471 1695 526 1737 ln
542 1687 693 1737 vestro
706 1686 902 1737 arbitrio
915 1686 1057 1741 suum
1074 1702 1298 1738 ornatum
1315 1722 1330 1745 ‚
1359 1703 1516 1755 quam
1529 1691 1584 1737 in
1595 1691 1664 1738 le-

342 1757 414 1820 gis
432 1788 445 1810 ‚
462 1757 653 1805 malunt
667 1753 757 1806 effe
772 1790 787 1811 ,
816 1759 866 1807 &
880 1772 964 1807 vos
982 1760 1034 1806 in
1053 1772 1206 1806 manu
1219 1759 1269 1806 δι
1281 1758 1472 1813 tutela,
1492 1758 1662 1805 nonin

340 1822 529 1873 servitio
546 1823 730 1873 debetis
754 1822 929 1875 habere
943 1840 1046 1875 eas:
1074 1827 1122 1874 δι
1139 1823 1290 1873 malle
1317 1836 1470 1889 patres
1483 1839 1572 1874 vos
1584 1835 1661 1873 aut

335 1891 467 1939 viros
480 1924 493 1945 ,
525 1906 675 1957 quam
700 1891 930 1941 dominos
954 1892 1065 1942 dici.
1102 1890 1349 1943 Invidiofis
1374 1890 1663 1941 nominibus

340 1956 559 2008 utebatur
586 1958 735 2008 modo
762 1956 930 2009 consul
945 1980 968 2019 ς
989 1956 1277 2010 seditionem
1305 1959 1602 2009 muliebrem
1615 1961 1660 2009 ὃ(

336 2022 643 2079 secessionem
657 2026 960 2091 appellando.
992 2028 1049 2079 Id
1063 2029 1198 2077 enirn
1215 2029 1392 2093 pericu]
1400 2044 1488 2077 um
1502 2028 1584 2083 est,
1602 2043 1660 2075 ne

344 2102 533 2148 Sacrum
552 2107 793 2151 montem,
812 2092 932 2144 ficut
945 2095 1196 2161 quondam
1213 2098 1326 2146 irata
1340 2094 1583 2160 plebeam
1597 2101 1660 2144 A·

317 2170 321 2175 “
339 2164 596 2215 ventinum
612 2162 813 2229 capiant.
847 2164 1129 2214 patiendum
1144 2164 1256 2215 huic
1281 2162 1551 2214 infirmitati
1563 2162 1628 2211 est
1639 2196 1651 2217 ‚

340 2232 672 2300 quodcunque
686 2246 771 2280 vos
783 2228 1048 2282 censueritis
1063 2254 1080 2293 ;
1111 2247 1214 2299 quo
1225 2232 1336 2299 plus
1347 2230 1544 2299 potestis
1557 2264 1572 2289 ,
1599 2245 1656 2279 eo

342 2299 635 2357 moderatius
646 2298 853 2365 impetio
870 2302 942 2352 uti
954 2298 1148 2353 debetis.

1467 2577 1656 2627 0.leae
