1718 3157
337 62 415 99 nx
448 41 1099 99 Ltvxoeo‘ttlteffl'ik'.
1262 50 1386 109 .i''5'3

21 106 216 166 furere
239 132 257 165 ε
276 115 356 166 hic
366 118 498 183 ptius
513 130 663 182 quam
679 129 854 183 peteret
866 112 1171 167 consulatum
1186 146 1201 171 ,
1216 114 1395 169 deinde

21 186 79 235 in
99 185 346 251 petendo
358 180 640 234 consulatu:
671 188 803 235 nunc
817 198 1023 251 quoque
1034 180 1207 235 consul
1222 218 1236 243 ,
1264 188 1397 251 ptius

22 268 214 323 quam
233 253 379 304 eastra
389 252 562 309 videat,
579 265 662 302 aut
673 252 883 309 hostem,
897 250 1085 302 insanit.
1120 257 1177 303 Et
1188 254 1277 319 qui
1290 266 1397 304 tan-

27 336 106 372 tas
123 325 248 387 jam
262 336 397 373 nunc
408 321 642 388 procellas
654 354 668 376 ,
697 322 854 388 praua
878 334 1025 388 atque
1038 322 1161 371 acies
1173 322 1395 384 jactando

23 392 218 441 intett
287 404 389 441 atos
415 391 508 440 ciet
523 422 536 446 ,
569 388 691 457 quid
705 394 832 439 intet
845 402 1077 439 armatam
1092 392 1395 449 iuventutem

26 406 493 510 censes-'gaurum
509 490 524 513 ‚
553 460 605 507 &
620 456 707 508 ubi
722 459 971 525 extemplo
998 455 1142 507 vetba
1155 471 1227 507 tes
1240 455 1398 527 sequi-

25 538 124 577 tut
138 532 160 579 ἒ
185 527 353 595 Atqui
364 524 402 576 fi
417 525 497 576 hic
510 558 523 581 ‚
541 526 680 593 quod
689 525 931 577 fasturum
948 522 995 576 se
1008 524 1265 576 denunciat
1280 558 1295 583 ,
1309 542 1397 577 ex-

25 596 256 662 templo
266 596 576 662 pugnavexit3
605 606 690 644 aut
711 608 804 661 ego
829 608 934 643 rem
948 592 1209 644 militatem
1225 628 1241 651 ,
1276 592 1400 645 belli

29 664 144 713 hoc
155 679 322 731 genus
337 695 352 718 ‚
370 661 556 711 hostem
572 662 704 716 hunc
717 665 889 729 ignoto
903 696 917 718 ‚
946 674 1029 713 aut
1045 660 1259 713 nobilior
1270 664 1398 715 alius

27 730 394 797 Thtasymeno
419 732 556 781 locus
581 730 750 781 nostxis
773 729 993 781 cladibus
1018 732 1124 779 exit.
1158 736 1261 781 Nec
1289 733 1397 798 glo·

29 800 220 850 tiandi
249 813 439 865 tempus
465 795 680 851 advetsus
705 814 770 849 un
777 816 864 849 um
890 797 959 849 est
976 818 993 857 3
1034 812 1087 849 ut
1112 813 1206 865 ego
1232 812 1400 851 conte-

34 884 98 917 m
107 868 291 919 nendo
306 869 466 935 potius
481 882 631 934 quam
643 868 911 933 appetendo
921 868 1127 934 gloriam
1144 900 1159 923 ,
1189 866 1398 919 modum

34 934 357 987 excessetim.
393 936 482 985 Sed
495 938 556 985 ita
572 952 647 986 tes
655 934 800 985 habet
821 970 834 991 ‚
849 952 949 985 una
960 936 1085 985 ratio
1098 934 1217 985 belli
1226 950 1399 1002 gesen·

33 1004 96 1055 di
109 1002 353 1055 adversus
366 1002 662 1053 Annibalem
675 1004 758 1060 est,
773 1020 875 1070 qua
886 997 977 1071 egb
990 1001 1099 1071 gessi
1118 1020 1132 1051 ε
1148 1020 1241 1055 nec
1252 1020 1400 1055 even-

37 1086 132 1123 tus
148 1072 320 1123 modo
332 1070 428 1121 hoc
437 1072 592 1130 doce13
607 1067 863 1137 stultorum
878 1070 962 1121 iste
977 1071 1194 1139 magistet
1206 1070 1275 1121 est
1284 1091 1305 1131 ς
1319 1069 1399 1122 sed

39 1142 247 1191 eadem
261 1142 383 1190 tatio
397 1154 504 1205 quae
515 1139 612 1188 fuit
625 1176 638 1195 ,
654 1138 917 1206 futuraque
931 1173 947 1194 ‚
966 1140 1121 1189 donec
1132 1139 1309 1189 eedem
1326 1154 1398 1191 rea

40 1208 353 1259 manebunt
367 1240 380 1263 ,
403 1206 725 1258 immutabilis
735 1206 814 1256 est.
849 1213 909 1257 In
920 1208 1061 1257 ltalia
1072 1206 1263 1257 bellum
1279 1209 1399 1273 geti-

46 1294 186 1327 mus
210 1310 226 1334 ,
255 1278 310 1326 in
321 1272 427 1325 sede
441 1289 496 1323 ac
509 1272 612 1323 solo
625 1275 790 1325 nostto
802 1308 816 1329 ‚
848 1274 1019 1323 omnia
1044 1276 1164 1323 circa
1178 1276 1318 1340 plena
1332 1276 1399 1325 ci-

46 1347 216 1397 viuin
233 1359 289 1393 ac
303 1341 541 1393 sociorum
557 1340 666 1396 sunt
683 1375 699 1398 ‚
716 1346 859 1395 armis
875 1376 889 1399 ,
902 1344 1015 1393 viris
1028 1376 1043 1396 ,
1059 1344 1199 1409 equis
1215 1376 1229 1398 ,
1262 1358 1398 1393 com·-

49 1409 322 1463 meatibus
334 1414 499 1474 juvant
514 1442 528 1465 ,
547 1409 885 1477 juvabuntque
903 1428 915 1459 ε
944 1409 1105 1473 idjam
1123 1408 1232 1460 fidei
1246 1410 1398 1463 docu-

47 1493 306 1531 mentum
319 1482 371 1528 in
389 1478 590 1529 adversis
599 1478 742 1528 rebus
753 1478 919 1529 nolitis
930 1478 1179 1529 dederunt.
1210 1481 1396 1529 Melio-

47 1564 146 1608 ra,
165 1546 524 1616 ptudentiotes,
538 1545 881 1598 constantiotes
896 1564 985 1598 nos
994 1560 1183 1614 tempus
1196 1545 1398 1616 dieique

56 1618 197 1668 facit.
242 1615 464 1668 Annibal
475 1628 655 1672 contra,
672 1619 725 1665 in
739 1618 918 1671 aliena,
935 1618 987 1667 in
1000 1615 1161 1666 hostili
1178 1615 1245 1667 est
1258 1615 1395 1674 teria,

57 1687 194 1736 intet
219 1687 396 1735 omnia
421 1685 621 1734 inimica
645 1683 915 1751 infestaque
930 1707 947 1746 3
985 1684 1155 1750 procul
1170 1683 1197 1734 ὲ
1211 1683 1363 1735 domo
1380 1717 1397 1743 ,

61 1754 240 1819 ptocul
256 1751 283 1802 a
297 1755 461 1820 patria,
477 1767 640 1820 neque
652 1754 728 1803 illi
741 1767 879 1809 texta,
894 1768 1057 1820 neque
1071 1755 1193 1802 maxi
1207 1753 1273 1803 est
1287 1768 1397 1819 pax=

65 1823 216 1872 nullae
229 1837 349 1872 eum
365 1819 505 1871 urbes
521 1822 781 1886 accipiunt,
797 1823 937 1870 nulla
950 1823 1136 1870 moenia
1153 1839 1165 1869 ε
1182 1823 1305 1872 nihil
1322 1817 1398 1872 us-

64 1905 224 1958 quam
241 1887 314 1940 sui
331 1889 488 1940 videt:
508 1891 560 1940 in
579 1889 710 1940 diem
725 1903 858 1956 tapto
872 1891 1005 1944 vivit,
1021 1903 1201 1956 partem
1216 1892 1295 1941 vix
1306 1904 1399 1941 ter-

61 1961 187 2009 tiam
220 1958 458 2009 exercitus
486 1961 591 2017 eius
601 1956 746 2008 habet
760 1991 776 2014 ,
803 1973 955 2026 quem
981 1957 1175 2008 Iberum
1193 1973 1397 2009 amnem

63 2029 254 2092 “aiecit
269 2047 285 2087 3
303 2029 460 2094 pluxes
472 2025 644 2081 fames,
660 2041 811 2094 quam
825 2027 1007 2076 ferrum
1022 2022 1295 2092 absumpsit,
1310 2043 1400 2077 nec

64 2095 142 2146 his
155 2097 326 2166 paucis
341 2097 438 2158 jam
453 2096 633 2146 vicium
648 2093 1128 2161 suppeditat.Dubitas
1140 2097 1399 2160 ergo‚quin

65 2181 190 2216 eum
205 2161 420 2214 sedendo
433 2159 687 2228 supetatmi
701 2162 850 2213 fimus
866 2195 882 2218 ‚
908 2165 999 2229 qui
1010 2159 1215 2212 senescat
1226 2163 1400 2218 indies,

70 2249 180 2284 non
194 2243 504 2282 commeatus
516 2265 530 2287 ,
557 2246 659 2281 non
687 2229 1079 2296 supplementum
1096 2263 1111 2284 ,
1141 2244 1244 2279 non
1258 2245 1402 2295 pecu-

70 2303 215 2352 niam
231 2299 430 2352 habeat?
446 2299 700 2366 Qamdiu
712 2314 795 2364 pto
811 2299 1034 2348 Getionii
1047 2331 1062 2353 ‚
1075 2296 1253 2347 castelli
1266 2303 1404 2363 Apu-

67 2372 143 2421 liae
157 2371 338 2438 inopis,
353 2383 585 2436 tanquam
601 2383 685 2434 pto
700 2366 999 2433 Carthaginis
1012 2363 1260 2415 moenibus
1275 2369 1291 2415 ἓ
1310 2367 1402 2417 Sed

71 2455 136 2490 ne
150 2434 372 2491 adversus
388 2449 437 2487 te
448 2436 649 2504 quidem
669 2450 757 2501 ego
769 2433 1027 2500 glotiabor.
1065 2437 1161 2482 Cn.
1179 2435 1405 2486 Servilius
1456 2459 1463 2464 ·

73 2521 224 2577 atque
239 2507 459 2559 Attinas,
473 2503 680 2570 proximi
695 2499 913 2553 consules
928 2535 942 2557 ,
954 2501 1067 2551 vide
1078 2503 1405 2567 quemadmo..

77 2577 202 2628 dum
227 2591 349 2627 eum
377 2572 609 2624 ludificati
633 2571 741 2620 [int.
779 2575 889 2620 Haec
914 2583 1015 2620 una
1044 2566 1203 2625 salutis
1215 2571 1281 2621 est
1294 2575 1369 2624 via
1386 2605 1402 2627 ,

79 2649 136 2699 1..
151 2645 322 2702 raulle
335 2675 350 2704 2
379 2653 535 2710 quam
549 2637 800 2696 difficilem
811 2637 1141 2758 iigestamque
1164 2640 1288 2692 cives
1314 2637 1406 2716 fibi

929 2722 949 2767 5
1260 2721 1424 2770 magias
